5134 6450
765 975 887 1071 cupiat
908 969 1001 1043 idem
1025 972 1119 1045 Dux,
1142 964 1236 1036 sicut
1256 963 1395 1043 asserit,
1418 985 1483 1058 pro
1505 958 1705 1036 defensione
1731 975 1768 1036 et
1794 940 1985 1061 augmento
2009 965 2166 1042 Catholi-

766 1105 826 1154 cae
847 1078 956 1159 Fidei,
978 1098 1019 1146 ac
1040 1072 1245 1147 reductione
1265 1068 1482 1143 Infidellium
1505 1083 1542 1142 et
1562 1067 1805 1145 aberrantium
1835 1074 2164 1149 circumiacentium

767 1185 994 1284 populorum,
1016 1184 1133 1277 ipsum
1157 1178 1416 1253 Eremitorium
1439 1177 1475 1249 in
1497 1178 1749 1251 Monasterium
1772 1193 1809 1253 et
1826 1183 2056 1257 Contentum,
2082 1187 2165 1256 Fra·

768 1313 866 1369 trum
889 1291 1034 1366 Ordinis
1056 1291 1234 1362 Minorum
1256 1287 1370 1383 erigi,
1397 1302 1435 1361 et
1462 1287 1663 1359 Monasterii
1690 1286 1798 1359 titulo
1822 1289 2003 1374 decorari,
2030 1291 2066 1363 in
2095 1316 2166 1390 quo

767 1399 994 1477 Guardianus
1015 1412 1052 1472 ct
1073 1400 1215 1469 Fratres
1236 1394 1324 1467 dicti
1346 1394 1487 1467 Ordinis
1511 1393 1744 1488 professores,
1773 1418 1837 1491 pro
1863 1411 2024 1493 tempore
2050 1400 2165 1471 virtu-

768 1527 848 1583 tum
871 1509 1021 1581 Domino
1044 1501 1330 1591 famulantesad
1353 1502 1501 1575 Divinae
1527 1501 1720 1599 Majestatis
1744 1501 1981 1603 obsequium,
2009 1506 2165 1605 quando·

768 1642 836 1718 que
863 1638 926 1711 per
953 1612 1225 1709 praedicationes
1260 1609 1521 1693 ministerium,
1550 1609 1759 1707 quandoque
1786 1609 1832 1683 ob
1861 1613 2103 1709 singularem,
2130 1630 2170 1689 et

770 1720 980 1799 laudabilem
1005 1722 1114 1793 vitam
1136 1741 1236 1791 suam
1259 1715 1404 1790 trabant
1424 1716 1510 1789 alios
1531 1740 1594 1811 per
1615 1717 1839 1812 exemplum3
1863 1744 1928 1816 pro
1950 1737 2051 1817 parte
2077 1724 2168 1795 dieti

770 1833 879 1907 Ducis
905 1830 1005 1902 nobis
1032 1828 1102 1900 fuit
1128 1824 1315 1898 humiliter
1342 1823 1604 1921 supplicatum,
1626 1841 1668 1896 ut
1690 1824 1826 1898 dictum
1850 1831 2107 1903 Eremitorium
2131 1832 2168 1903 in
2233 1843 2236 1851 '

771 1944 1021 2015 Mooasterium
1044 1936 1193 2032 erigere,
1216 1956 1256 2005 ac
1279 1933 1315 2004 in
1338 1931 1400 2004 illo
1420 1930 1629 2028 degentibus
1647 1956 1711 2029 pro
1729 1947 1889 2029 tempore
1906 1933 1950 2007 de
1968 1953 2167 2033 opportuno

770 2047 927 2123 remedio
949 2042 1133 2141 providere
1154 2041 1198 2115 de
1219 2039 1437 2137 benignitate
1465 2039 1669 2135 Apostolica
1695 2038 1936 2139 dignaremur.
1961 2045 2032 2115 Nos
2054 2047 2168 2141 igitur

770 2155 989 2233 attendentes
1010 2175 1052 2224 ex
1074 2148 1274 2247 praemissis
1308 2150 1502 2221 maximum
1537 2147 1633 2221 Fidei
1660 2146 1859 2224 Catholicae
1880 2150 2081 2246 profectum
2104 2178 2162 2228 ve·

769 2261 970 2337 risimiliter
992 2272 1272 2356 proventurum,
1301 2280 1341 2329 ac
1367 2256 1483 2330 debita
1511 2254 1583 2327 illis
1610 2254 1786 2352 gravitate
1812 2255 2001 2343 discussis,
2028 2275 2169 2334 matura

771 2374 871 2469 prius
902 2393 984 2442 cum
1013 2363 1270 2440 Venerabililus
1297 2363 1484 2438 Fratribus
1508 2365 1637 2436 nostris
1658 2367 1692 2438 S.
1717 2366 1760 2436 R.
1781 2367 1822 2437 ll.
1843 2364 2088 2440 Cardinalibus
2111 2394 2169 2443 su·

771 2503 834 2575 per
856 2458 922 2549 boc
942 2473 1195 2550 deliberatione
1210 2512 1213 2516 ·
1227 2470 1453 2569 praehabita,
1480 2497 1521 2544 ac
1547 2472 1591 2545 de
1615 2472 1767 2567 ipsorum
1802 2477 1970 2546 Fratrum
1993 2475 2165 2560 consilio,

771 2603 809 2662 et
830 2609 981 2667 assensn,
1002 2606 1043 2653 ac
1063 2579 1286 2677 Apostolicae
1307 2578 1491 2675 potestatis
1513 2577 1732 2675 plenitudine
1757 2579 1802 2652 ad
1827 2578 1969 2654 laudem
1997 2597 2036 2655 ct
2059 2582 2167 2657 hono-

773 2718 849 2768 rem
873 2689 1135 2786 Omnipotentis
1158 2688 1223 2760 Dei
1243 2688 1372 2771 Patris,
1400 2701 1436 2759 et
1457 2686 1554 2772 Filii,
1583 2700 1621 2758 et
1641 2688 1796 2784 Spiritus
1819 2689 1956 2774 Sancti,
1983 2712 2023 2762 ac
2046 2694 2086 2764 B.
2109 2696 2168 2765 Ja-

773 2800 865 2884 cobi,
889 2797 955 2870 sub
976 2797 1077 2894 cujus
1099 2792 1266 2867 vocabulo
1286 2794 1423 2867 dictum
1448 2795 1705 2868 Eremitorium
1727 2809 1783 2870 est
1803 2809 2063 2882 constructum,
2086 2801 2168 2875 Bea-

773 2924 966 3006 torumque
988 2901 1242 3001 Apostolorum
1268 2905 1363 2976 Petri
1384 2918 1422 2976 et
1443 2901 1556 2993 Pauli,
1585 2925 1626 2976 ac
1653 2905 1751 2977 Beati
1779 2905 1967 2991 Francisci,
1985 2907 2167 3005 totiusque

775 3014 933 3090 coelestis
961 3011 1086 3088 Curiae
1113 3011 1262 3106 gloriam
1290 3035 1330 3083 ac
1351 3007 1599 3085 exaltationem
1633 3009 1822 3085 militantis
1854 3009 2050 3098 Ecclesiae,
2080 3017 2170 3112 ipso-

775 3146 928 3221 rumque
950 3120 1070 3194 Diviui
1087 3119 1208 3192 'cultus
1238 3134 1275 3192 et
1306 3117 1404 3192 Fidei
1437 3121 1710 3203 incrementum,
1739 3118 1982 3217 Fideliumque
2006 3121 2170 3209 salutem,
2274 3152 2277 3159 ’

776 3228 974 3328 praefatum
1002 3228 1259 3312 Eremitorium
1297 3228 1334 3299 in
1366 3229 1619 3302 Mouasterium
1652 3221 1819 3302 Fratrum
1847 3224 1993 3302 Ordinis
2020 3231 2168 3326 praefati

707 3407 712 3422 ,
776 3336 993 3410 authoritate
1015 3333 1229 3430 Apostolica,
1249 3350 1369 3409 tenore
1386 3337 1625 3431 praesentium
1643 3336 1829 3440 erigimus,
1850 3361 1890 3408 ac
1914 3339 2169 3413 Mouasterinm

777 3451 944 3518 Fratrum
977 3443 1130 3538 ejusdem
1163 3441 1332 3526 Ordinis,
1357 3444 1543 3539 dignitatis
1576 3459 1614 3515 et
1646 3443 1788 3517 honoris
1809 3443 1917 3518 titulo
1938 3445 2170 3531 decoramus,

777 3568 815 3628 et
835 3553 942 3626 etiam
966 3551 1202 3648 insignimus,
1230 3552 1416 3651 ipsumque
1441 3552 1697 3627 Eremitorinm
1719 3555 1975 3628 Monasterium
1996 3552 2084 3628 dicti
2107 3555 2174 3629 Or·

778 3661 873 3738 ditiis
894 3660 932 3731 in
956 3659 1162 3732 memoriam
1186 3658 1411 3733 indelebilem
1433 3683 1569 3745 eorum,
1598 3684 1687 3759 quae
1713 3662 1750 3733 in
1772 3660 1838 3733 bac
1861 3676 1960 3757 parte
1982 3675 2173 3757 geruntur,

778 3769 959 3866 perpetuis
980 3764 1113 3838 futuris
1132 3766 1352 3864 temporibus
1373 3766 1537 3841 volumus
1558 3766 1603 3839 ab
1621 3767 1786 3842 omnibus
1802 3767 1986 3866 appellari:
2007 3773 2178 3845 Statuen·

607 3963 609 3968 .
694 3969 697 3974 ι
779 3891 834 3950 tes
865 3873 988 3948 cadem
1014 3870 1253 3959 authoritate,
1280 3889 1319 3947 et
1344 3876 1452 3949 etiam
1485 3875 1732 3960 decernentes,
1760 3875 1854 3974 quod
1881 3890 1956 3948 tam
1985 3878 2110 3961 Prior,
2137 3894 2176 3953 et

760 3980 1027 4066 ,Guardianum
1055 4001 1162 4077 quam
1188 3983 1317 4054 caeteri
1349 3985 1489 4055 Fratres
1515 3980 1603 4053 dic'ti
1627 3983 1794 4065 Ordinis,
1820 3985 1882 4079 qui
1918 3983 1954 4055 in
1981 3983 2076 4057 dicto
2098 3988 2183 4060 llo·x

781 4089 937 4164 nastcrio
964 4110 1028 4183 pro
1055 4101 1215 4183 tempore
1248 4086 1476 4173 residebunt,
1508 4088 1673 4163 omnibus
1704 4105 1741 4164 et
1773 4088 1922 4187 singulis
1953 4092 2171 4188 privilegiis,

752 4197 756 4208 '
781 4192 1093 4280 immunitatibus,
1127 4193 1430 4292 exemptionibus,
1466 4195 1701 4281 libertatibus,
1729 4197 1866 4293 gratiis,
1894 4213 1930 4272 et
1958 4199 2107 4273 indultis
2128 4202 2177 4277 ei·

781 4305 865 4379 dem
897 4302 1022 4376 Ordini
1042 4314 1118 4398 ‘per
1139 4304 1257 4377 sedem
1281 4303 1522 4400 Apostolicam
1542 4306 1714 4381 concessis
1740 4305 1907 4380 hactenus
1939 4320 1976 4381 et
2007 4309 2173 4404 imposte·

776 4435 865 4485 rum
886 4409 1137 4494 concedendis,
1164 4410 1352 4510 atquibus
1374 4413 1543 4496 Ministri,
1567 4416 1725 4499 Priores,
1753 4427 1790 4487 et
1810 4412 2007 4488 Guardiani
2028 4438 2069 4489 ac
2091 4418 2176 4489 Fra·

780 4536 855 4594 tres
880 4516 1035 4615 ejusdem
1062 4518 1205 4593 Ordinis
1233 4519 1442 4613 professores
1463 4518 1614 4595 ubilibet
1639 4521 1822 4595 constituti
1845 4522 1888 4597 de
1909 4523 2174 4607 consuetudine,

782 4627 839 4703 rel
872 4624 916 4700 de
944 4625 1025 4723 jure
1047 4625 1204 4722 gaudent
1233 4640 1271 4700 et
1297 4626 1505 4723 gaudebunt
1529 4628 1795 4727 quomodolibet
1827 4629 1863 4702 iu
1896 4629 2084 4718 futurum,
2118 4631 2174 4704 uti

782 4733 935 4836 valeapt,
957 4746 994 4807 et
1015 4734 1123 4806 etiam
1145 4732 1309 4831 gaudere.
1330 4736 1513 4808 Sancimus
1532 4738 1654 4822 etiam,
1682 4736 1777 4833 quod
1804 4735 1922 4810 nullus
1948 4739 2057 4835 ipsius
2075 4741 2175 4837 prius

782 4840 986 4918 Eremitorii
1008 4843 1139 4914 Rector
1173 4839 1229 4915 vel
1262 4841 1538 4917 Administrator
1560 4842 1657 4917 illius
1678 4846 1902 4939 possessiones
1923 4845 2086 4932 auferre,
2113 4861 2177 4920 aut

785 4948 919 5024 ablatas
950 4948 1124 5032 retinere,
1156 4972 1219 5023 scu
1246 4950 1428 5038 minuere,
1455 4965 1517 5024 aut
1538 4951 1639 5047 <ipsos
1670 4949 1918 5028 Guardianum
1944 4968 1983 5030 et
2009 4957 2176 5036 Fratres,

785 5058 849 5160 qui
871 5054 920 5128 ibi
941 5078 1007 5151 pro
1027 5069 1188 5153 tempore
1209 5054 1426 5141 residebunt,
1448 5055 1627 5157 aliquibus
1649 5059 1818 5135 molestiis
1839 5059 2012 5159 fatigare.
2039 5083 2101 5136 seu
2123 5074 2176 5133 te·

787 5189 884 5242 mere
904 5159 1113 5262 perturbare
1132 5178 1381 5260 praesumant3
1408 5164 1469 5240 sed
1490 5170 1607 5242 omnia
1628 5168 1679 5245 eis
1699 5169 1862 5269 integra,
1889 5184 1927 5246 et
1948 5167 2084 5243 illibata
2105 5190 2176 5244 ser·
