5134 6450
1234 1254 1236 1259 ’
1346 1229 1412 1321 N?
1435 1226 1470 1309 6.

721 1666 823 1739 Bulla
851 1667 1001 1743 Rotnani
1029 1664 1212 1741 Pontificio
1239 1664 1280 1736 de
1309 1660 1490 1736 Martinho
1518 1665 1559 1734 V
1557 1714 1567 1745 ‚
1595 1661 1636 1735 de
1666 1666 1687 1735 Ξ)
1716 1663 1758 1735 de
1786 1666 1909 1758 Μανςο
1931 1665 1975 1738 de
1999 1666 2114 1749 1421,

886 1772 1075 1845 numerando
1098 1798 1121 1845 a
1142 1772 1190 1845 D.
1212 1774 1272 1845 Fr.
1296 1776 1431 1870 Apmar·
1449 1774 1613 1871 prineiru
1635 1769 1738 1874 Br'rpo
1759 1769 1801 1842 de
1823 1772 1947 1844 Croto.
2124 1798 2129 1805 ·
2198 1788 2202 1797 '

706 2105 922 2271 Martinus
945 2204 1137 2296 Episcopus
1161 2225 1284 2274 servus
1311 2222 1496 2274 serrorum
1527 2198 1604 2274 Dei.
1628 2195 1830 2272 Venerabili
1853 2198 1958 2269 fratri
1982 2199 2131 2271 Aimaro

707 2302 878 2402 Episcopo
891 2306 1055 2401 Coptensi
1070 2305 1220 2380 salutem
1241 2322 1279 2379 et
1298 2304 1539 2402 Apostolicam
1560 2302 1850 2378 benedictionem.
1874 2305 2024 2377 Ronrani
2043 2307 2130 2377 Pon-

706 2409 838 2492 tificis‚
866 2435 971 2510 quem
1002 2428 1122 2507 pastor
1145 2411 1207 2486 ille
1229 2411 1419 2494 Caelestis,
1447 2423 1483 2481 et
1504 2410 1700 2505 Episcopus
1721 2409 1923 2481 animarum
1948 2410 2150 2504 potestatis

705 2513 772 2585 sibi
796 2515 1168 2611 plenitudine‘tradita
1188 2516 1358 2590 Ecclesiis
1378 2512 1550 2610 praetulit
1569 2517 1744 2588 universis
1762 2513 1864 2609 plena
1880 2513 2013 2609 vigiliis
2030 2536 2132 2586 exoo-

707 2624 813 2714 gitet‚
842 2646 958 2720 neque
985 2624 1177 2719 prospiciat
1203 2622 1437 2716 dilligenter,
1465 2619 1562 2718 quod
1589 2643 1653 2715 per
1679 2621 1753 2717 ejus
1778 2619 2039 2715 providentiam
2061 2621 2134 2692 cir·

708 2744 934 2821 conspectam
954 2753 1048 2801 nunc
1068 2752 1133 2823 per
1150 2728 1322 2824 simplicis
1338 2728 1548 2822 provisionis
1565 2724 1739 2809 officium,
1757 2750 1853 2799 nunc
1871 2749 1958 2799 vcro
1979 2750 2043 2823 per
2066 2726 2134 2796 mi·

707 2834 895 2907 nistoriurn
918 2833 1160 2907 translationis
1186 2833 1376 2907 accomode
1402 2845 1510 2929 prout
1531 2854 1775 2925 personarum,
1799 2830 1958 2904 locorum
1982 2845 2019 2905 et
2040 2846 2134 2903 tem·

708 2962 836 3032 porum
860 2939 1014 3039 qualitas
1037 2941 1161 3035 exigit,
1184 2955 1223 3013 et
1245 2939 1487 3013 Ecclesiarum
1511 2935 1651 3008 utilitas
1674 2938 1861 3034 persuadet
1878 2936 2046 3012 Ecclesiis
2062 2939 2135 3013 siu·

707 3045 803 3138 gulis
828 3062 946 3141 pastor
959 3046 1101 3119 accedat
1115 3045 1273 3131 idoneus,
1287 3060 1327 3118 et
1338 3058 1459 3118 rector
1472 3040 1644 3139 providus
1658 3043 1865 3141 deputetur,
1885 3045 1948 3142 qui
1966 3044 2133 3118 commis·

707 3173 786 3221 sum
803 3150 870 3221 sibi
886 3150 1057 3247 populum
1080 3174 1143 3247 per
1159 3174 1259 3224 suam
1278 3150 1620 3246 circunspectionem
1640 3148 1833 3222 salubriter
1849 3149 1998 3247 dirigat,
2021 3163 2059 3222 et
2080 3149 2135 3219 in-

709 3256 853 3341 formet,
875 3282 917 3330 ac
938 3257 1029 3330 bona
1053 3255 1230 3331 Ecclesiae
1256 3256 1325 3330 sibi
1352 3258 1523 3329 admissae
1548 3279 1616 3328 non
1641 3255 1756 3328 solum
1780 3256 1960 3352 gubernet
1980 3254 2134 3340 utiliter,

710 3363 770 3435 sed
792 3365 900 3435 etiam
922 3362 1150 3436 multimodis
1168 3363 1291 3438 efferat
1309 3362 1551 3437 incrementis.
1580 3362 1725 3435 Dudum
1756 3361 1933 3460 siquidem
1952 3386 2018 3458 pro
2037 3376 2137 3458 parte
2268 3415 2274 3422 -

711 3468 910 3542 charissimi
930 3472 967 3541 in
987 3467 1132 3544 Christo
1149 3469 1217 3541 filii
1238 3471 1351 3542 nostri
1366 3469 1512 3542 ioannis
1530 3470 1641 3563 Regis
1660 3468 1884 3564 Portugaliae
1902 3467 2056 3541 illustris
2074 3491 2137 3539 no-

712 3575 766 3648 bis
787 3578 960 3672 exposito‚
982 3575 1075 3673 quod
1100 3573 1198 3649 locus
1219 3576 1264 3649 de
1287 3580 1410 3671 Cepta,
1429 3597 1537 3672 quem
1556 3578 1632 3648 Rex
1651 3576 1727 3670 ipse
1745 3574 1912 3652 videlicet
1935 3588 1976 3647 ut
2000 3573 2136 3648 Christi

713 3681 828 3776 pugil,
850 3697 889 3756 et
910 3680 1060 3758 Athlete
1085 3682 1283 3756 ministerio
1305 3694 1514 3776 cooperante
1539 3682 1671 3756 Divino
1692 3676 1712 3753 t
1731 3678 1963 3777 perfidorum,
1986 3679 2136 3775 spurcis-

711 3788 959 3885 simorumqne
981 3791 1272 3870 sarracenorum,
1296 3801 1334 3860 et
1354 3789 1607 3882 Agerenorum
1627 3788 1835 3859 Dominicac
1862 3785 1990 3858 Crucis
2018 3783 2138 3857 obtre-

712 3906 907 3975 ctatorum,
930 3905 966 3965 et
986 3889 1159 3964 aemulor.
1188 3893 1251 3988 qui
1273 3905 1362 3963 tunc
1384 3892 1493 3962 etiam
1517 3890 1606 3960 inibi
1628 3914 1729 3961 suam
1753 3915 1817 3985 pro
1841 3888 2016 3961 idolorum
2035 3904 2072 3974 et
2089 3891 2137 3961 si-

713 3996 956 4071 mulacrorum
984 3994 1087 4069 cultu
1114 4009 1274 4069 tenentes
1299 3996 1514 4094 Mesquitam
1538 3996 1612 4070 sive
1632 3996 1857 4093 synagogam
1879 4009 2138 4090 occupaverant

713 4104 864 4178 cundem
899 4101 1063 4176 manibus
1092 4102 1315 4189 victoriosis,
1344 4103 1518 4197 iripuerat
1545 4100 1612 4172 illu
1639 4123 1722 4174 suae
1747 4102 1894 4174 dictioni
1918 4101 2138 4199 subjugando

713 4208 906 4306 populosus
930 4207 1103 4293 multum,
1126 4223 1162 4281 et
1183 4207 1366 4293 honestus,
1389 4209 1537 4304 ipsaque
1555 4209 1744 4306 blesquita‚
1763 4209 1838 4281 sire
1856 4211 2041 4304 Synagoga
2058 4222 2140 4303 apta

716 4316 899 4390 evidenter
925 4314 1123 4389 existebant
1148 4313 1192 4386 ad
1221 4313 1289 4386 hoc
1313 4313 1406 4412 quod
1436 4310 1496 4385 illa
1519 4315 1556 4385 in
1578 4311 1827 4386 cathedralem
1850 4316 2050 4412 erigeretur
2073 4318 2139 4388 Eo·
2210 4379 2214 4388 ,

714 4420 854 4495 clesiam
879 4418 1040 4517 praesule
1062 4421 1163 4505 inibi,
1190 4435 1228 4492 et
1254 4418 1352 4493 clero
1374 4418 1611 4494 residentibus
1637 4444 1704 4514 pro
1730 4434 1915 4515 tempore,
1942 4441 2008 4517 per
2034 4443 2138 4517 quor.

715 4544 816 4601 actus
837 4544 875 4602 et
897 4551 1002 4625 opera
1024 4528 1132 4600 etiam
1157 4549 1242 4599 eum
1265 4527 1403 4623 ingenti
1432 4527 1652 4609 animarum,
1674 4527 1833 4621 partium
1856 4524 2016 4612 illarum,
2040 4524 2140 4599 babi-

716 4650 889 4720 tatorum,
911 4648 960 4716 et„
972 4630 1169 4704 incolarum
1194 4633 1450 4728 propagatione
1474 4627 1600 4705 salutis
1618 4631 1700 4704 tidei
1720 4632 1991 4706 firmamentum
2014 4630 2143 4705 solida-¹

714 4755 817 4813 retur
840 4737 1037 4814 orthodoxe
1060 4739 1213 4811 Divinus
1234 4761 1377 4835 quoque
1399 4736 1532 4821 cultus,
1555 4761 1596 4809 ae
1616 4735 1738 4834 populi
1757 4737 1899 4811 devotio
1916 4736 2141 4834 popularent,

709 4861 746 4933 et
774 4850 1057 4919 instaurarentur
1089 4868 1157 4914 non
1189 4843 1419 4917 mediocriter
1445 4844 1481 4913 in
1508 4840 1673 4939 partibus
1702 4845 1923 4918 memoratis.
1952 4845 2025 4917 Nos
2045 4860 2135 4918 tunc

708 4948 818 5047 ipsius
839 4954 946 5046 Regis
968 4953 1003 5022 in
1027 4950 1072 5022 iis
1094 4946 1413 5046 supplicationibus
1439 4946 1601 5022 inclinati
1629 4950 1736 5023 aede
1758 4950 1965 5047 praemissis
1985 4963 2137 5031 certam,

602 5063 606 5069 ’
716 5058 882 5134 notitiam
904 5082 975 5130 non
991 5055 1169 5132 'babentes
1184 5053 1500 5150 umehmeneibu,
1513 5069 1556 5132 et
1572 5054 2142 5180 Ulixboneuaibugdtthitpt'tco·

1849 5183 1866 5220 Ι
