5134 6450
405 1731 506 1803 Bello
529 1729 570 1802 de
593 1732 772 1806 Martiales
795 1737 842 1816 V,
870 1737 911 1807 ln
938 1732 1110 1807 eminenti
1137 1731 1289 1827 specula,
1317 1731 1401 1804 del
1430 1731 1471 1804 de
1493 1734 1609 1808 hudo
1631 1735 1672 1809 dc
1700 1739 1801 1815 1420

631 1840 874 1914 uuccorr'sondo
896 1866 919 1914 a
942 1851 1086 1934 creando
1105 1836 1148 1911 do
1167 1838 1574 1938 conventosrancucano

865 1948 907 2022 dc
930 1953 965 2022 S.
993 1947 1123 2047 Tb'ugo
1145 1945 1187 2018 de
1208 1950 1332 2021 Cento.

398 2286 455 2448 In
478 2378 647 2453 eminenti
669 2379 808 2477 specula
831 2381 1018 2454 militantis
1039 2380 1212 2456 Ecclesiae
1232 2385 1413 2455 Romanus
1437 2381 1607 2466 Pontifex,
1636 2385 1673 2455 B.
1703 2388 1798 2473 Petri

400 2484 539 2560 celestis
559 2487 662 2581 regni
684 2488 853 2586 clavigeri
875 2513 1063 2574 successor,
1085 2503 1123 2562 et
1143 2490 1305 2565 vicarius
1326 2492 1409 2562 Jesu
1429 2487 1562 2564 Christi
1582 2489 1713 2566 habens
1741 2518 1800 2568 su·

400 2616 464 2691 per
486 2591 593 2666 Orbis
615 2593 788 2668 Ecclesiae
808 2612 844 2671 et
865 2598 1072 2670 Monasteria
1095 2598 1258 2670 universa
1281 2596 1417 2694 aliaque
1441 2594 1514 2668 loca
1542 2596 1703 2693 religiosa
1726 2601 1800 2697 ple.

397 2698 598 2773 nitudinem
624 2704 820 2796 potestatis,
842 2702 1040 2801 privilegiis
1062 2726 1160 2777 more
1182 2705 1334 2777 Pastoris
1357 2704 1439 2777 s'uae
1460 2703 1699 2798 providentiae
1715 2722 1799 2780 'ocu-

401 2807 445 2880 lis
467 2809 670 2881 universum
694 2809 827 2885 Orbem
850 2827 1043 2895 terrarum,
1066 2826 1103 2886 et
1123 2813 1307 2884 nationum
1331 2813 1368 2882 in
1387 2809 1448 2882 illo
1469 2809 1689 2906 degentium,
1712 2839 1796 2912 qna-

399 2914 517 2989 litates
542 2931 688 3010 paterna
711 2920 986 2994 consideratione
1012 2918 1202 2992 discutiens
1227 2934 1263 2992 et
1283 2919 1486 2992 examinans
1511 2917 1725 3016 diligenter,
1754 2948 1797 2996 ex

399 3025 559 3120 injuncto
581 3022 648 3096 sibi
670 3026 903 3121 Apostolatus
924 3027 1038 3100 officio
1060 3026 1282 3123 singulorum
1305 3026 1454 3099 salutem
1476 3040 1652 3122 appetens,
1681 3044 1718 3101 et
1738 3055 1796 3103 ex-

286 3154 290 3159 ’
400 3132 555 3229 quirens,
581 3132 753 3230 quaedam
780 3140 823 3209 ex
852 3134 936 3210 locis
962 3136 1163 3234 hujusmodi
1193 3159 1258 3233 pro
1284 3133 1488 3207 reductione
1520 3132 1723 3209 lnfidelium
1750 3140 1795 3211 ad

397 3238 491 3312 ovile
513 3242 753 3327 Dominicum‚
775 3246 817 3316 ad
841 3244 979 3341 fastigia
1001 3243 1261 3318 Ecclesiasticus
1282 3241 1466 3339 diguitatis
1492 3241 1634 3328 attolit,
1661 3260 1698 3318 et
1720 3260 1795 3318 tan-

396 3361 503 3444 quam
529 3349 715 3423 munificus
736 3351 952 3450 dispensator
972 3352 1073 3426 donis
1095 3349 1357 3449 spiritualibus,
1385 3374 1424 3422 ac
1445 3347 1616 3421 allectivis
1639 3355 1794 3425 muueri-

396 3452 462 3525 bus
482 3477 565 3551 erga
589 3457 733 3531 devotos
753 3483 834 3532 suos
854 3486 958 3533 suum
981 3463 1096 3558 aperit
1119 3458 1339 3555 Apostolicae
1367 3457 1544 3553 largitatis
1570 3454 1793 3545 thesaurum,

396 3565 604 3656 praesertim
632 3590 753 3639 versus
775 3592 813 3641 ca
836 3568 921 3655 loca,
945 3571 982 3641 in
1005 3567 1134 3666 quibus
1156 3568 1192 3638 in
1213 3591 1301 3662 agro
1324 3564 1511 3637 militantis
1539 3559 1710 3639 Ecclesiae
1731 3594 1793 3640 no-
1850 3593 1853 3598 ⁷

396 3669 508 3744 vellae
533 3670 767 3769 plantationes
792 3677 827 3747 in
850 3677 994 3750 odorem
1023 3676 1219 3759 suavitatis,
1246 3688 1283 3747 et
1306 3671 1548 3748 exaltationem
1574 3671 1812 3778 Christianuej
1844 3713 1848 3722 ·

395 3778 491 3852 Fidei
515 3779 655 3853 fructus
679 3784 713 3853 in
737 3781 899 3858 ubertate
919 3784 1087 3868 succedit,
1110 3782 1280 3855 Catholici
1302 3778 1422 3879 populi
1440 3779 1617 3874 proiectus
1639 3785 1791 3879 acquiri·

394 3899 467 3967 tur,
490 3888 690 3961 animarum
713 3890 807 3962 salus
829 3871 1053 3986 procuratur,
1074 3906 1112 3965 et
1134 3890 1254 3964 Divini
1276 3888 1397 3961 cultus
1416 3887 1602 3983 quaeritur
1623 3912 1793 3985 augmen·

395 4005 498 4062 tum:
528 3997 629 4068 Unde
656 3996 826 4092 quaedam
849 4022 890 4070 cx
914 3998 985 4071 illis
1007 4000 1185 4072 interdurn
1214 4022 1278 4093 pro
1301 4000 1517 4068 incremento
1540 3994 1637 4067 Fidei
1659 3997 1791 4069 Ortho-

393 4097 501 4171 doxae
524 4101 644 4173 attolit
664 4128 727 4198 per
749 4105 933 4179 erectionis
955 4108 1207 4186 ministerium,
1231 4126 1272 4174 ac
1293 4101 1401 4173 titulo
1423 4099 1574 4182 decoris,
1601 4115 1638 4172 et
1658 4103 1790 4195 gradus

394 4204 575 4302 aniplioris
608 4207 786 4294 illustrat,
813 4228 943 4308 prout,
971 4236 1197 4309 personarum
1220 4225 1258 4283 et
1278 4224 1481 4304 temporum
1509 4205 1680 4304 qualitate
1705 4234 1789 4305 pen·

292 4363 294 4366 -
392 4327 478 4398 sata,
501 4314 537 4386 id
558 4319 728 4413 conspicit
750 4320 786 4392 in
809 4321 952 4394 domino
974 4319 1165 4394 salubriter
1186 4317 1359 4414 expedire.
1383 4319 1503 4411 Nuper
1525 4316 1700 4412 siquidem
1725 4343 1789 4412 pro

392 4436 491 4515 parte
514 4422 632 4497 dilecti
654 4424 783 4498 nobilis
804 4429 873 4499 riri
895 4430 1005 4514 Petri,
1027 4427 1222 4501 charissimi
1246 4427 1282 4496 in
1302 4425 1442 4499 Christo
1459 4419 1538 4493 Filii
1557 4425 1667 4494 nostri
1687 4421 1811 4497 loan-¹
1871 4459 1880 4472 ¹
1923 4481 1937 4498 .

394 4529 449 4599 nis
480 4529 715 4627 Portugalliae
748 4550 784 4608 et
811 4534 974 4633 Algnrbii
1008 4539 1116 4634 Regis
1151 4533 1307 4609 illustris
1337 4529 1487 4605 secundo
1513 4530 1647 4627 geniti,
1676 4534 1788 4605 Ducis

393 4634 623 4712 Colimbrien.
645 4639 745 4714 nobis
766 4643 837 4715 suit
858 4647 1069 4741 expositum,
1092 4643 1287 4741 quodcum
1311 4638 1403 4712 idem
1429 4640 1504 4710 Rex
1526 4663 1666 4709 morum
1688 4662 1788 4734 prae·

394 4743 506 4827 sidiis‚
528 4760 563 4818 ct
587 4749 747 4841 potentia·
766 4750 945 4838 suffultus,
967 4768 1131 4850 terraque
1158 4752 1318 4848 marique
1343 4761 1463 4819 contra
1492 4743 1693 4819 Infidelium
1727 4772 1787 4820 na·

393 4851 529 4935 tiones,
557 4857 630 4925 suis
657 4856 775 4952 regnis
796 4861 1054 4946 conterminar',
1083 4856 1174 4932 bella
1202 4880 1366 4939 movens,
1394 4854 1583 4926 nouissime
1603 4852 1786 4927 civitatem

392 4959 546 5059 Ceptae,
573 4985 662 5059 quae
683 4986 747 5059 per
768 4965 860 5062 ipsos
882 4969 1043 5043 lnfideles
1063 4965 1271 5055 tenebatur,
1300 4963 1412 5036 multa
1437 4961 1590 5058 potentia
1612 4981 1787 5058 expugna·

394 5068 509 5152 verit,
538 5082 642 5166 atque
669 5070 862 5146 devicerit:
891 5078 927 5148 in
950 5102 1032 5175 qua,
1057 5077 1150 5150 sicut
1170 5074 1392 5170 accepimus,
1425 5067 1576 5166 quodam
1609 5071 1786 5143 Eremito·

394 5174 488 5247 rium
519 5175 554 5249 in
583 5175 776 5266 honorem,
803 5197 840 5255 et
865 5182 931 5255 sub
959 5183 1127 5259 vocabulo
1153 5187 1189 5255 S.
1211 5180 1329 5255 Jacobs·
1358 5176 1544 5252 fundatum
1578 5177 1718 5262 existit,
1745 5202 1787 5250 ac
