<?xml version="1.0" encoding="UTF-8"?>
<!DOCTYPE html PUBLIC "-//W3C//DTD XHTML 1.0 Transitional//EN"
    "http://www.w3.org/TR/xhtml1/DTD/xhtml1-transitional.dtd">
<html xmlns="http://www.w3.org/1999/xhtml" xml:lang="en" lang="en">
 <head>
  <title>
</title>
<meta http-equiv="Content-Type" content="text/html;charset=utf-8" />
  <meta name='ocr-system' content='tesseract 3.04.00' />
  <meta name='ocr-capabilities' content='ocr_page ocr_carea ocr_par ocr_line ocrx_word'/>
</head>
<body>
  <div class='ocr_page' id='page_1' title='image "./memoriahistrica00jordgoog_0095.png"; bbox 0 0 5134 6450; ppageno 0'>
   <div class='ocr_carea' id='block_1_1' title="bbox 1081 816 1163 938">
    <p class='ocr_par' dir='ltr' id='par_1_1' title="bbox 1081 816 1163 938">
     <span class='ocr_line' id='line_1_1' title="bbox 1081 816 1163 938; baseline 0 0"><span class='ocrx_word' id='word_1_1' title='bbox 1081 816 1163 938; x_wconf 82' lang='lat'><strong>85</strong></span> 
     </span>
    </p>
   </div>
   <div class='ocr_carea' id='block_1_2' title="bbox 427 964 1828 1087">
    <p class='ocr_par' dir='ltr' id='par_1_2' title="bbox 427 964 1828 1087">
     <span class='ocr_line' id='line_1_2' title="bbox 427 964 1828 1087; baseline 0.001 -24"><span class='ocrx_word' id='word_1_2' title='bbox 427 1012 516 1087; x_wconf 84' lang='lat' dir='ltr'><strong>quos</strong></span> <span class='ocrx_word' id='word_1_3' title='bbox 536 999 573 1062; x_wconf 86' lang='lat' dir='ltr'><strong>et</strong></span> <span class='ocrx_word' id='word_1_4' title='bbox 594 1009 658 1061; x_wconf 92' lang='lat' dir='ltr'><strong>nos</strong></span> <span class='ocrx_word' id='word_1_5' title='bbox 679 987 731 1060; x_wconf 87' lang='lat' dir='ltr'><strong>sic</strong></span> <span class='ocrx_word' id='word_1_6' title='bbox 753 988 972 1085; x_wconf 80' lang='lat' dir='ltr'><strong>assignamus</strong></span> <span class='ocrx_word' id='word_1_7' title='bbox 993 985 1138 1068; x_wconf 84' lang='lat' dir='ltr'><strong>eisdem,</strong></span> <span class='ocrx_word' id='word_1_8' title='bbox 1158 999 1202 1059; x_wconf 89' lang='lat' dir='ltr'><strong>ut</strong></span> <span class='ocrx_word' id='word_1_9' title='bbox 1220 986 1290 1083; x_wconf 87' lang='lat' dir='ltr'><strong>ipsi</strong></span> <span class='ocrx_word' id='word_1_10' title='bbox 1306 964 1498 1084; x_wconf 80' lang='lat' dir='ltr'><strong>lumiliares</strong></span> <span class='ocrx_word' id='word_1_11' title='bbox 1515 980 1719 1074; x_wconf 74' lang='lat' dir='ltr'><strong>servientes,</strong></span> <span class='ocrx_word' id='word_1_12' title='bbox 1737 983 1796 1065; x_wconf 75' lang='lat' dir='ltr'><strong>tf</strong></span> <span class='ocrx_word' id='word_1_13' title='bbox 1812 1033 1828 1049; x_wconf 92' lang='lat'><strong>·</strong></span> 
     </span>
    </p>
   </div>
   <div class='ocr_carea' id='block_1_3' title="bbox 319 1090 1902 3555">
    <p class='ocr_par' dir='ltr' id='par_1_3' title="bbox 319 1090 1902 3555">
     <span class='ocr_line' id='line_1_3' title="bbox 427 1090 1828 1196; baseline -0.001 -28"><span class='ocrx_word' id='word_1_14' title='bbox 427 1095 636 1170; x_wconf 86' lang='lat' dir='ltr'><strong>miliaritate</strong></span> <span class='ocrx_word' id='word_1_15' title='bbox 657 1110 695 1169; x_wconf 86' lang='lat' dir='ltr'><strong>et</strong></span> <span class='ocrx_word' id='word_1_16' title='bbox 716 1096 873 1178; x_wconf 81' lang='lat' dir='ltr'><strong>servitio,</strong></span> <span class='ocrx_word' id='word_1_17' title='bbox 895 1096 1075 1192; x_wconf 86' lang='lat' dir='ltr'><strong>ceterique</strong></span> <span class='ocrx_word' id='word_1_18' title='bbox 1102 1091 1239 1169; x_wconf 80' lang='lat' dir='ltr'><strong>Christi</strong></span> <span class='ocrx_word' id='word_1_19' title='bbox 1267 1090 1387 1168; x_wconf 82' lang='lat' dir='ltr'><strong>fideles</strong></span> <span class='ocrx_word' id='word_1_20' title='bbox 1413 1116 1534 1173; x_wconf 87' lang='lat' dir='ltr'><strong>omnes</strong></span> <span class='ocrx_word' id='word_1_21' title='bbox 1560 1095 1748 1196; x_wconf 77' lang='lat' dir='ltr'><strong>utrimque</strong></span> <span class='ocrx_word' id='word_1_22' title='bbox 1774 1123 1828 1175; x_wconf 79' lang='lat' dir='ltr'><strong>se-</strong></span> 
     </span>
     <span class='ocr_line' id='line_1_4' title="bbox 421 1198 1828 1313; baseline 0.006 -42"><span class='ocrx_word' id='word_1_23' title='bbox 421 1227 493 1276; x_wconf 69' lang='lat' dir='ltr'><strong>‚xus</strong></span> <span class='ocrx_word' id='word_1_24' title='bbox 514 1198 535 1275; x_wconf 77' lang='lat' dir='ltr'><strong>t</strong></span> <span class='ocrx_word' id='word_1_25' title='bbox 557 1204 827 1300; x_wconf 72' lang='lat' dir='ltr'><strong>participatione</strong></span> <span class='ocrx_word' id='word_1_26' title='bbox 853 1217 891 1275; x_wconf 91' lang='lat' dir='ltr'><strong>et</strong></span> <span class='ocrx_word' id='word_1_27' title='bbox 911 1202 1160 1275; x_wconf 89' lang='lat' dir='ltr'><strong>communione</strong></span> <span class='ocrx_word' id='word_1_28' title='bbox 1190 1203 1346 1299; x_wconf 88' lang='lat' dir='ltr'><strong>ipsorum</strong></span> <span class='ocrx_word' id='word_1_29' title='bbox 1379 1200 1746 1313; x_wconf 42' lang='lat' dir='ltr'><strong>denuntiatorum,·et</strong></span> <span class='ocrx_word' id='word_1_30' title='bbox 1766 1228 1828 1303; x_wconf 71' lang='lat' dir='ltr'><strong>ag·</strong></span> 
     </span>
     <span class='ocr_line' id='line_1_5' title="bbox 427 1306 1825 1409; baseline 0.003 -27"><span class='ocrx_word' id='word_1_31' title='bbox 427 1325 672 1406; x_wconf 71' lang='lat' dir='ltr'><strong>gravatorum,</strong></span> <span class='ocrx_word' id='word_1_32' title='bbox 698 1309 839 1409; x_wconf 89' lang='lat' dir='ltr'><strong>penitus</strong></span> <span class='ocrx_word' id='word_1_33' title='bbox 864 1323 901 1382; x_wconf 81' lang='lat' dir='ltr'><strong>et</strong></span> <span class='ocrx_word' id='word_1_34' title='bbox 920 1311 1066 1382; x_wconf 89' lang='lat' dir='ltr'><strong>omuino</strong></span> <span class='ocrx_word' id='word_1_35' title='bbox 1087 1307 1269 1392; x_wconf 75' lang='lat' dir='ltr'><strong>desistant,</strong></span> <span class='ocrx_word' id='word_1_36' title='bbox 1291 1320 1328 1382; x_wconf 90' lang='lat' dir='ltr'><strong>et</strong></span> <span class='ocrx_word' id='word_1_37' title='bbox 1348 1306 1499 1406; x_wconf 79' lang='lat' dir='ltr'><strong>quilibet</strong></span> <span class='ocrx_word' id='word_1_38' title='bbox 1519 1312 1643 1383; x_wconf 85' lang='lat' dir='ltr'><strong>eorum</strong></span> <span class='ocrx_word' id='word_1_39' title='bbox 1664 1310 1825 1400; x_wconf 79' lang='lat' dir='ltr'><strong>desistat,</strong></span> 
     </span>
     <span class='ocr_line' id='line_1_6' title="bbox 422 1414 1842 1515; baseline -0.006 -23"><span class='ocrx_word' id='word_1_40' title='bbox 422 1441 592 1492; x_wconf 81' lang='lat' dir='ltr'><strong>naccum</strong></span> <span class='ocrx_word' id='word_1_41' title='bbox 615 1417 746 1497; x_wconf 89' lang='lat' dir='ltr'><strong>eisdem</strong></span> <span class='ocrx_word' id='word_1_42' title='bbox 768 1416 986 1490; x_wconf 89' lang='lat' dir='ltr'><strong>denuntiatis</strong></span> <span class='ocrx_word' id='word_1_43' title='bbox 1007 1431 1045 1490; x_wconf 89' lang='lat' dir='ltr'><strong>et</strong></span> <span class='ocrx_word' id='word_1_44' title='bbox 1065 1417 1265 1514; x_wconf 81' lang='lat' dir='ltr'><strong>aggravatis</strong></span> <span class='ocrx_word' id='word_1_45' title='bbox 1287 1415 1479 1498; x_wconf 82' lang='lat' dir='ltr'><strong>serviendo,</strong></span> <span class='ocrx_word' id='word_1_46' title='bbox 1500 1414 1687 1515; x_wconf 88' lang='lat' dir='ltr'><strong>loquendo,</strong></span> <span class='ocrx_word' id='word_1_47' title='bbox 1705 1417 1842 1493; x_wconf 66' lang='lat' dir='ltr'><strong>sedern.</strong></span> 
     </span>
     <span class='ocr_line' id='line_1_7' title="bbox 424 1522 1826 1622; baseline 0.001 -24"><span class='ocrx_word' id='word_1_48' title='bbox 424 1525 481 1611; x_wconf 90' lang='lat' dir='ltr'><strong>do,</strong></span> <span class='ocrx_word' id='word_1_49' title='bbox 503 1525 731 1622; x_wconf 77' lang='lat' dir='ltr'><strong>assurgendo,</strong></span> <span class='ocrx_word' id='word_1_50' title='bbox 754 1525 892 1609; x_wconf 83' lang='lat' dir='ltr'><strong>stando,</strong></span> <span class='ocrx_word' id='word_1_51' title='bbox 913 1522 1138 1606; x_wconf 88' lang='lat' dir='ltr'><strong>ambulando,</strong></span> <span class='ocrx_word' id='word_1_52' title='bbox 1165 1522 1365 1608; x_wconf 90' lang='lat' dir='ltr'><strong>salutando,</strong></span> <span class='ocrx_word' id='word_1_53' title='bbox 1394 1523 1619 1620; x_wconf 85' lang='lat' dir='ltr'><strong>hospitando,</strong></span> <span class='ocrx_word' id='word_1_54' title='bbox 1643 1525 1826 1600; x_wconf 88' lang='lat' dir='ltr'><strong>comeden-</strong></span> 
     </span>
     <span class='ocr_line' id='line_1_8' title="bbox 425 1626 1827 1731; baseline 0.003 -27"><span class='ocrx_word' id='word_1_55' title='bbox 425 1626 484 1715; x_wconf 91' lang='lat' dir='ltr'><strong>do,</strong></span> <span class='ocrx_word' id='word_1_56' title='bbox 507 1631 670 1715; x_wconf 87' lang='lat' dir='ltr'><strong>bibendo,</strong></span> <span class='ocrx_word' id='word_1_57' title='bbox 694 1630 872 1715; x_wconf 84' lang='lat' dir='ltr'><strong>molendo,</strong></span> <span class='ocrx_word' id='word_1_58' title='bbox 897 1631 1034 1715; x_wconf 90' lang='lat' dir='ltr'><strong>cibum,</strong></span> <span class='ocrx_word' id='word_1_59' title='bbox 1062 1645 1203 1728; x_wconf 91' lang='lat' dir='ltr'><strong>potum,</strong></span> <span class='ocrx_word' id='word_1_60' title='bbox 1231 1631 1365 1727; x_wconf 80' lang='lat' dir='ltr'><strong>ignem,</strong></span> <span class='ocrx_word' id='word_1_61' title='bbox 1386 1655 1532 1728; x_wconf 86' lang='lat' dir='ltr'><strong>aquam,</strong></span> <span class='ocrx_word' id='word_1_62' title='bbox 1555 1632 1611 1706; x_wconf 82' lang='lat' dir='ltr'><strong>rel</strong></span> <span class='ocrx_word' id='word_1_63' title='bbox 1632 1629 1700 1706; x_wconf 90' lang='lat' dir='ltr'><strong>alia</strong></span> <span class='ocrx_word' id='word_1_64' title='bbox 1721 1657 1827 1731; x_wconf 89' lang='lat' dir='ltr'><strong>quae-</strong></span> 
     </span>
     <span class='ocr_line' id='line_1_9' title="bbox 425 1737 1827 1841; baseline 0.002 -29"><span class='ocrx_word' id='word_1_65' title='bbox 425 1763 580 1840; x_wconf 87' lang='lat' dir='ltr'><strong>eumque</strong></span> <span class='ocrx_word' id='word_1_66' title='bbox 600 1741 694 1815; x_wconf 88' lang='lat' dir='ltr'><strong>ritae</strong></span> <span class='ocrx_word' id='word_1_67' title='bbox 714 1764 776 1813; x_wconf 87' lang='lat' dir='ltr'><strong>seu</strong></span> <span class='ocrx_word' id='word_1_68' title='bbox 797 1765 884 1813; x_wconf 86' lang='lat' dir='ltr'><strong>usus</strong></span> <span class='ocrx_word' id='word_1_69' title='bbox 906 1742 1099 1813; x_wconf 86' lang='lat' dir='ltr'><strong>necessaria</strong></span> <span class='ocrx_word' id='word_1_70' title='bbox 1120 1737 1387 1841; x_wconf 76' lang='lat' dir='ltr'><strong>quomodolibet</strong></span> <span class='ocrx_word' id='word_1_71' title='bbox 1406 1739 1648 1826; x_wconf 91' lang='lat' dir='ltr'><strong>ministrando,</strong></span> <span class='ocrx_word' id='word_1_72' title='bbox 1671 1754 1735 1813; x_wconf 85' lang='lat' dir='ltr'><strong>aut</strong></span> <span class='ocrx_word' id='word_1_73' title='bbox 1756 1740 1827 1817; x_wconf 89' lang='lat' dir='ltr'><strong>alio</strong></span> 
     </span>
     <span class='ocr_line' id='line_1_10' title="bbox 372 1845 1826 1944; baseline 0.003 -25"><span class='ocrx_word' id='word_1_74' title='bbox 372 1854 374 1857; x_wconf 81' lang='grc'><strong>’</strong></span> <span class='ocrx_word' id='word_1_75' title='bbox 425 1849 550 1944; x_wconf 87' lang='lat' dir='ltr'><strong>quovis</strong></span> <span class='ocrx_word' id='word_1_76' title='bbox 566 1847 805 1920; x_wconf 88' lang='lat' dir='ltr'><strong>humanitatis</strong></span> <span class='ocrx_word' id='word_1_77' title='bbox 827 1845 962 1920; x_wconf 85' lang='lat' dir='ltr'><strong>solatio.</strong></span> <span class='ocrx_word' id='word_1_78' title='bbox 974 1845 1048 1919; x_wconf 96' lang='lat' dir='ltr'><strong>ullo</strong></span> <span class='ocrx_word' id='word_1_79' title='bbox 1070 1848 1174 1919; x_wconf 91' lang='lat' dir='ltr'><strong>modo</strong></span> <span class='ocrx_word' id='word_1_80' title='bbox 1191 1845 1345 1942; x_wconf 87' lang='lat' dir='ltr'><strong>amplius</strong></span> <span class='ocrx_word' id='word_1_81' title='bbox 1363 1848 1572 1943; x_wconf 90' lang='lat' dir='ltr'><strong>participare</strong></span> <span class='ocrx_word' id='word_1_82' title='bbox 1590 1865 1826 1944; x_wconf 83' lang='lat' dir='ltr'><strong>praesumant,</strong></span> 
     </span>
     <span class='ocr_line' id='line_1_11' title="bbox 425 1953 1828 2051; baseline 0.001 -22"><span class='ocrx_word' id='word_1_83' title='bbox 425 1979 488 2029; x_wconf 87' lang='lat' dir='ltr'><strong>seu</strong></span> <span class='ocrx_word' id='word_1_84' title='bbox 514 1980 637 2029; x_wconf 88' lang='lat' dir='ltr'><strong>eorum</strong></span> <span class='ocrx_word' id='word_1_85' title='bbox 666 1954 758 2028; x_wconf 85' lang='lat' dir='ltr'><strong>alter</strong></span> <span class='ocrx_word' id='word_1_86' title='bbox 789 1968 1004 2051; x_wconf 88' lang='lat' dir='ltr'><strong>praesumat.</strong></span> <span class='ocrx_word' id='word_1_87' title='bbox 1037 1954 1139 2049; x_wconf 89' lang='lat' dir='ltr'><strong>Quod</strong></span> <span class='ocrx_word' id='word_1_88' title='bbox 1167 1956 1195 2026; x_wconf 90' lang='lat' dir='ltr'><strong>si</strong></span> <span class='ocrx_word' id='word_1_89' title='bbox 1223 1955 1444 2027; x_wconf 87' lang='lat' dir='ltr'><strong>eontrarium</strong></span> <span class='ocrx_word' id='word_1_90' title='bbox 1467 1954 1627 2038; x_wconf 83' lang='lat' dir='ltr'><strong>fecerint,</strong></span> <span class='ocrx_word' id='word_1_91' title='bbox 1651 1978 1712 2028; x_wconf 89' lang='lat' dir='ltr'><strong>seu</strong></span> <span class='ocrx_word' id='word_1_92' title='bbox 1733 1953 1828 2032; x_wconf 83' lang='lat' dir='ltr'><strong>alter</strong></span> 
     </span>
     <span class='ocr_line' id='line_1_12' title="bbox 425 2060 1827 2159; baseline 0.003 -24"><span class='ocrx_word' id='word_1_93' title='bbox 425 2085 549 2135; x_wconf 90' lang='lat' dir='ltr'><strong>eorum</strong></span> <span class='ocrx_word' id='word_1_94' title='bbox 581 2061 719 2144; x_wconf 89' lang='lat' dir='ltr'><strong>fecerit,</strong></span> <span class='ocrx_word' id='word_1_95' title='bbox 746 2068 816 2137; x_wconf 90' lang='lat' dir='ltr'><strong>Nos</strong></span> <span class='ocrx_word' id='word_1_96' title='bbox 843 2064 888 2134; x_wconf 89' lang='lat' dir='ltr'><strong>in·</strong></span> <span class='ocrx_word' id='word_1_97' title='bbox 906 2086 964 2137; x_wconf 88' lang='lat' dir='ltr'><strong>eos</strong></span> <span class='ocrx_word' id='word_1_98' title='bbox 990 2077 1027 2138; x_wconf 89' lang='lat' dir='ltr'><strong>et</strong></span> <span class='ocrx_word' id='word_1_99' title='bbox 1053 2086 1178 2137; x_wconf 90' lang='lat' dir='ltr'><strong>eorum</strong></span> <span class='ocrx_word' id='word_1_100' title='bbox 1207 2060 1405 2159; x_wconf 83' lang='lat' dir='ltr'><strong>quemlihet</strong></span> <span class='ocrx_word' id='word_1_101' title='bbox 1432 2077 1552 2135; x_wconf 85' lang='lat' dir='ltr'><strong>eontra</strong></span> <span class='ocrx_word' id='word_1_102' title='bbox 1575 2062 1759 2137; x_wconf 79' lang='lat' dir='ltr'><strong>facientem</strong></span> <span class='ocrx_word' id='word_1_103' title='bbox 1779 2089 1827 2138; x_wconf 84' lang='lat' dir='ltr'><strong>ex</strong></span> 
     </span>
     <span class='ocr_line' id='line_1_13' title="bbox 425 2168 1826 2266; baseline 0.004 -26"><span class='ocrx_word' id='word_1_104' title='bbox 425 2182 513 2242; x_wconf 87' lang='lat' dir='ltr'><strong>tunc</strong></span> <span class='ocrx_word' id='word_1_105' title='bbox 533 2186 641 2265; x_wconf 88' lang='lat' dir='ltr'><strong>prout</strong></span> <span class='ocrx_word' id='word_1_106' title='bbox 663 2193 705 2242; x_wconf 84' lang='lat' dir='ltr'><strong>ex</strong></span> <span class='ocrx_word' id='word_1_107' title='bbox 725 2193 834 2253; x_wconf 90' lang='lat' dir='ltr'><strong>nunc,</strong></span> <span class='ocrx_word' id='word_1_108' title='bbox 856 2173 893 2243; x_wconf 90' lang='lat' dir='ltr'><strong>in</strong></span> <span class='ocrx_word' id='word_1_109' title='bbox 915 2171 971 2243; x_wconf 86' lang='lat' dir='ltr'><strong>his</strong></span> <span class='ocrx_word' id='word_1_110' title='bbox 990 2170 1136 2266; x_wconf 85' lang='lat' dir='ltr'><strong>scriptis</strong></span> <span class='ocrx_word' id='word_1_111' title='bbox 1159 2170 1292 2242; x_wconf 84' lang='lat' dir='ltr'><strong>dietam</strong></span> <span class='ocrx_word' id='word_1_112' title='bbox 1312 2193 1373 2243; x_wconf 88' lang='lat' dir='ltr'><strong>sex</strong></span> <span class='ocrx_word' id='word_1_113' title='bbox 1393 2168 1533 2243; x_wconf 88' lang='lat' dir='ltr'><strong>dierum</strong></span> <span class='ocrx_word' id='word_1_114' title='bbox 1560 2170 1723 2243; x_wconf 86' lang='lat' dir='ltr'><strong>canonica</strong></span> <span class='ocrx_word' id='word_1_115' title='bbox 1751 2198 1826 2245; x_wconf 85' lang='lat' dir='ltr'><strong>ruo·</strong></span> 
     </span>
     <span class='ocr_line' id='line_1_14' title="bbox 424 2276 1826 2373; baseline 0.004 -27"><span class='ocrx_word' id='word_1_116' title='bbox 424 2276 561 2350; x_wconf 81' lang='lat' dir='ltr'><strong>uitione</strong></span> <span class='ocrx_word' id='word_1_117' title='bbox 592 2278 782 2373; x_wconf 88' lang='lat' dir='ltr'><strong>praemissa</strong></span> <span class='ocrx_word' id='word_1_118' title='bbox 814 2278 1190 2365; x_wconf 81' lang='lat' dir='ltr'><strong>excommunicationis</strong></span> <span class='ocrx_word' id='word_1_119' title='bbox 1215 2278 1427 2350; x_wconf 87' lang='lat' dir='ltr'><strong>senteutiam</strong></span> <span class='ocrx_word' id='word_1_120' title='bbox 1462 2277 1623 2361; x_wconf 88' lang='lat' dir='ltr'><strong>ferimus,</strong></span> <span class='ocrx_word' id='word_1_121' title='bbox 1651 2292 1689 2350; x_wconf 89' lang='lat' dir='ltr'><strong>et</strong></span> <span class='ocrx_word' id='word_1_122' title='bbox 1715 2281 1826 2361; x_wconf 86' lang='lat' dir='ltr'><strong>etiem</strong></span> 
     </span>
     <span class='ocr_line' id='line_1_15' title="bbox 424 2383 1825 2482; baseline 0.003 -26"><span class='ocrx_word' id='word_1_123' title='bbox 424 2383 707 2480; x_wconf 76' lang='lat' dir='ltr'><strong>promulgamus.</strong></span> <span class='ocrx_word' id='word_1_124' title='bbox 731 2388 778 2457; x_wconf 87' lang='lat' dir='ltr'><strong>Et</strong></span> <span class='ocrx_word' id='word_1_125' title='bbox 799 2384 1033 2460; x_wconf 87' lang='lat' dir='ltr'><strong>nihilominus</strong></span> <span class='ocrx_word' id='word_1_126' title='bbox 1035 2438 1185 2459; x_wconf 91' lang='grc'><strong>.........</strong></span> <span class='ocrx_word' id='word_1_127' title='bbox 1212 2398 1393 2458; x_wconf 81' lang='lat' dir='ltr'><strong>omueset</strong></span> <span class='ocrx_word' id='word_1_128' title='bbox 1413 2383 1571 2482; x_wconf 81' lang='lat' dir='ltr'><strong>singulos</strong></span> <span class='ocrx_word' id='word_1_129' title='bbox 1592 2385 1825 2481; x_wconf 89' lang='lat' dir='ltr'><strong>supradictas,</strong></span> 
     </span>
     <span class='ocr_line' id='line_1_16' title="bbox 424 2491 1825 2590; baseline 0.003 -26"><span class='ocrx_word' id='word_1_130' title='bbox 424 2505 462 2564; x_wconf 88' lang='lat' dir='ltr'><strong>et</strong></span> <span class='ocrx_word' id='word_1_131' title='bbox 487 2493 696 2588; x_wconf 84' lang='lat' dir='ltr'><strong>praesertim</strong></span> <span class='ocrx_word' id='word_1_132' title='bbox 720 2491 978 2569; x_wconf 86' lang='lat' dir='ltr'><strong>ecclesiasticas</strong></span> <span class='ocrx_word' id='word_1_133' title='bbox 1010 2516 1188 2590; x_wconf 79' lang='lat' dir='ltr'><strong>personas,</strong></span> <span class='ocrx_word' id='word_1_134' title='bbox 1215 2491 1321 2565; x_wconf 90' lang='lat' dir='ltr'><strong>modo</strong></span> <span class='ocrx_word' id='word_1_135' title='bbox 1347 2505 1383 2563; x_wconf 89' lang='lat' dir='ltr'><strong>et</strong></span> <span class='ocrx_word' id='word_1_136' title='bbox 1405 2491 1517 2566; x_wconf 84' lang='lat' dir='ltr'><strong>forms</strong></span> <span class='ocrx_word' id='word_1_137' title='bbox 1540 2494 1742 2590; x_wconf 80' lang='lat' dir='ltr'><strong>praemissis</strong></span> <span class='ocrx_word' id='word_1_138' title='bbox 1757 2519 1825 2575; x_wconf 76' lang='lat' dir='ltr'><strong>,au-</strong></span> 
     </span>
     <span class='ocr_line' id='line_1_17' title="bbox 424 2598 1826 2697; baseline 0.006 -29"><span class='ocrx_word' id='word_1_139' title='bbox 424 2600 592 2672; x_wconf 88' lang='lat' dir='ltr'><strong>ctoritate</strong></span> <span class='ocrx_word' id='word_1_140' title='bbox 612 2622 682 2697; x_wconf 92' lang='lat' dir='ltr'><strong>qua</strong></span> <span class='ocrx_word' id='word_1_141' title='bbox 704 2624 812 2694; x_wconf 87' lang='lat' dir='ltr'><strong>supra</strong></span> <span class='ocrx_word' id='word_1_142' title='bbox 836 2603 1053 2697; x_wconf 86' lang='lat' dir='ltr'><strong>requirimus</strong></span> <span class='ocrx_word' id='word_1_143' title='bbox 1074 2614 1112 2674; x_wconf 89' lang='lat' dir='ltr'><strong>et</strong></span> <span class='ocrx_word' id='word_1_144' title='bbox 1131 2622 1326 2683; x_wconf 89' lang='lat' dir='ltr'><strong>monemus,</strong></span> <span class='ocrx_word' id='word_1_145' title='bbox 1345 2600 1516 2697; x_wconf 85' lang='lat' dir='ltr'><strong>quatinus</strong></span> <span class='ocrx_word' id='word_1_146' title='bbox 1534 2598 1686 2696; x_wconf 77' lang='lat' dir='ltr'><strong>singulis</strong></span> <span class='ocrx_word' id='word_1_147' title='bbox 1703 2598 1826 2677; x_wconf 88' lang='lat' dir='ltr'><strong>diebus</strong></span> 
     </span>
     <span class='ocr_line' id='line_1_18' title="bbox 424 2705 1824 2805; baseline 0.001 -25"><span class='ocrx_word' id='word_1_148' title='bbox 424 2706 621 2780; x_wconf 85' lang='lat' dir='ltr'><strong>Dominicis</strong></span> <span class='ocrx_word' id='word_1_149' title='bbox 641 2720 679 2779; x_wconf 93' lang='lat' dir='ltr'><strong>et</strong></span> <span class='ocrx_word' id='word_1_150' title='bbox 700 2705 847 2790; x_wconf 82' lang='lat' dir='ltr'><strong>festivis,</strong></span> <span class='ocrx_word' id='word_1_151' title='bbox 869 2712 1034 2805; x_wconf 87' lang='lat' dir='ltr'><strong>quotiens</strong></span> <span class='ocrx_word' id='word_1_152' title='bbox 1055 2721 1091 2781; x_wconf 87' lang='lat' dir='ltr'><strong>et</strong></span> <span class='ocrx_word' id='word_1_153' title='bbox 1112 2705 1253 2805; x_wconf 90' lang='lat' dir='ltr'><strong>quando</strong></span> <span class='ocrx_word' id='word_1_154' title='bbox 1284 2729 1349 2800; x_wconf 90' lang='lat' dir='ltr'><strong>pro</strong></span> <span class='ocrx_word' id='word_1_155' title='bbox 1380 2721 1481 2801; x_wconf 88' lang='lat' dir='ltr'><strong>parte</strong></span> <span class='ocrx_word' id='word_1_156' title='bbox 1507 2706 1684 2780; x_wconf 89' lang='lat' dir='ltr'><strong>dictorum</strong></span> <span class='ocrx_word' id='word_1_157' title='bbox 1712 2708 1824 2789; x_wconf 89' lang='lat' dir='ltr'><strong>domi-</strong></span> 
     </span>
     <span class='ocr_line' id='line_1_19' title="bbox 423 2812 1825 2911; baseline 0.003 -25"><span class='ocrx_word' id='word_1_158' title='bbox 423 2837 552 2886; x_wconf 91' lang='lat' dir='ltr'><strong>norum</strong></span> <span class='ocrx_word' id='word_1_159' title='bbox 575 2814 720 2887; x_wconf 86' lang='lat' dir='ltr'><strong>Joanuis</strong></span> <span class='ocrx_word' id='word_1_160' title='bbox 739 2815 900 2911; x_wconf 86' lang='lat' dir='ltr'><strong>Episcopi</strong></span> <span class='ocrx_word' id='word_1_161' title='bbox 923 2814 1110 2898; x_wconf 86' lang='lat' dir='ltr'><strong>Tudensis,</strong></span> <span class='ocrx_word' id='word_1_162' title='bbox 1131 2838 1171 2885; x_wconf 89' lang='lat' dir='ltr'><strong>ac</strong></span> <span class='ocrx_word' id='word_1_163' title='bbox 1193 2813 1325 2887; x_wconf 89' lang='lat' dir='ltr'><strong>Decani</strong></span> <span class='ocrx_word' id='word_1_164' title='bbox 1345 2826 1383 2886; x_wconf 87' lang='lat' dir='ltr'><strong>et</strong></span> <span class='ocrx_word' id='word_1_165' title='bbox 1401 2812 1555 2909; x_wconf 83' lang='lat' dir='ltr'><strong>Capituli</strong></span> <span class='ocrx_word' id='word_1_166' title='bbox 1573 2814 1688 2889; x_wconf 87' lang='lat' dir='ltr'><strong>dietae</strong></span> <span class='ocrx_word' id='word_1_167' title='bbox 1705 2817 1825 2895; x_wconf 79' lang='lat' dir='ltr'><strong>Eccle</strong></span> 
     </span>
     <span class='ocr_line' id='line_1_20' title="bbox 399 2919 1825 3021; baseline 0.002 -27"><span class='ocrx_word' id='word_1_168' title='bbox 399 2936 401 2941; x_wconf 63' lang='lat'>‘</span> <span class='ocrx_word' id='word_1_169' title='bbox 424 2922 496 2994; x_wconf 86' lang='lat' dir='ltr'><strong>siae</strong></span> <span class='ocrx_word' id='word_1_170' title='bbox 518 2919 703 3003; x_wconf 89' lang='lat' dir='ltr'><strong>Tudensis,</strong></span> <span class='ocrx_word' id='word_1_171' title='bbox 731 2920 872 2996; x_wconf 87' lang='lat' dir='ltr'><strong>fueritis</strong></span> <span class='ocrx_word' id='word_1_172' title='bbox 898 2923 1072 3021; x_wconf 88' lang='lat' dir='ltr'><strong>requisiti,</strong></span> <span class='ocrx_word' id='word_1_173' title='bbox 1101 2920 1274 2997; x_wconf 78' lang='lat' dir='ltr'><strong>sanarer</strong></span> <span class='ocrx_word' id='word_1_174' title='bbox 1297 2934 1455 2992; x_wconf 84' lang='lat' dir='ltr'><strong>restrum</strong></span> <span class='ocrx_word' id='word_1_175' title='bbox 1478 2919 1589 2995; x_wconf 91' lang='lat' dir='ltr'><strong>fuerit</strong></span> <span class='ocrx_word' id='word_1_176' title='bbox 1609 2922 1825 3019; x_wconf 89' lang='lat' dir='ltr'><strong>requisitus,</strong></span> 
     </span>
     <span class='ocr_line' id='line_1_21' title="bbox 423 3025 1825 3129; baseline 0.003 -29"><span class='ocrx_word' id='word_1_177' title='bbox 423 3029 598 3124; x_wconf 87' lang='lat' dir='ltr'><strong>praefatos</strong></span> <span class='ocrx_word' id='word_1_178' title='bbox 629 3025 819 3103; x_wconf 82' lang='lat' dir='ltr'><strong>familiares</strong></span> <span class='ocrx_word' id='word_1_179' title='bbox 845 3046 883 3103; x_wconf 89' lang='lat' dir='ltr'><strong>et</strong></span> <span class='ocrx_word' id='word_1_180' title='bbox 909 3033 1101 3106; x_wconf 84' lang='lat' dir='ltr'><strong>servientes</strong></span> <span class='ocrx_word' id='word_1_181' title='bbox 1126 3027 1621 3111; x_wconf 14' lang='lat' dir='ltr'><strong>dictorumrdenuntiatorum</strong></span> <span class='ocrx_word' id='word_1_182' title='bbox 1643 3044 1680 3103; x_wconf 88' lang='lat' dir='ltr'><strong>et</strong></span> <span class='ocrx_word' id='word_1_183' title='bbox 1700 3053 1825 3129; x_wconf 82' lang='lat' dir='ltr'><strong>aggra-</strong></span> 
     </span>
     <span class='ocr_line' id='line_1_22' title="bbox 424 3135 1826 3236; baseline 0.002 -27"><span class='ocrx_word' id='word_1_184' title='bbox 424 3150 711 3219; x_wconf 70' lang='lat' dir='ltr'><strong>autumnum</strong></span> <span class='ocrx_word' id='word_1_185' title='bbox 731 3135 863 3212; x_wconf 85' lang='lat' dir='ltr'><strong>eisdem</strong></span> <span class='ocrx_word' id='word_1_186' title='bbox 885 3138 991 3212; x_wconf 91' lang='lat' dir='ltr'><strong>modo</strong></span> <span class='ocrx_word' id='word_1_187' title='bbox 1012 3139 1185 3236; x_wconf 86' lang='lat' dir='ltr'><strong>premisso</strong></span> <span class='ocrx_word' id='word_1_188' title='bbox 1207 3136 1472 3234; x_wconf 86' lang='lat' dir='ltr'><strong>participantes,</strong></span> <span class='ocrx_word' id='word_1_189' title='bbox 1491 3136 1527 3207; x_wconf 94' lang='lat' dir='ltr'><strong>in</strong></span> <span class='ocrx_word' id='word_1_190' title='bbox 1547 3137 1672 3210; x_wconf 86' lang='lat' dir='ltr'><strong>restris</strong></span> <span class='ocrx_word' id='word_1_191' title='bbox 1689 3141 1826 3212; x_wconf 85' lang='lat' dir='ltr'><strong>Mones-</strong></span> 
     </span>
     <span class='ocr_line' id='line_1_23' title="bbox 423 3242 1824 3342; baseline 0.001 -24"><span class='ocrx_word' id='word_1_192' title='bbox 423 3246 537 3327; x_wconf 89' lang='lat' dir='ltr'><strong>teriis,</strong></span> <span class='ocrx_word' id='word_1_193' title='bbox 557 3259 595 3318; x_wconf 91' lang='lat' dir='ltr'><strong>et</strong></span> <span class='ocrx_word' id='word_1_194' title='bbox 617 3243 792 3342; x_wconf 89' lang='lat' dir='ltr'><strong>Cappellis</strong></span> <span class='ocrx_word' id='word_1_195' title='bbox 812 3245 903 3320; x_wconf 81' lang='lat' dir='ltr'><strong>iufra</strong></span> <span class='ocrx_word' id='word_1_196' title='bbox 925 3250 1111 3322; x_wconf 79' lang='lat' dir='ltr'><strong>Missurum</strong></span> <span class='ocrx_word' id='word_1_197' title='bbox 1131 3243 1314 3329; x_wconf 87' lang='lat' dir='ltr'><strong>solemnia,</strong></span> <span class='ocrx_word' id='word_1_198' title='bbox 1332 3242 1420 3316; x_wconf 90' lang='lat' dir='ltr'><strong>dum</strong></span> <span class='ocrx_word' id='word_1_199' title='bbox 1439 3242 1571 3318; x_wconf 88' lang='lat' dir='ltr'><strong>ibidem</strong></span> <span class='ocrx_word' id='word_1_200' title='bbox 1590 3243 1824 3342; x_wconf 83' lang='lat' dir='ltr'><strong>populimul-</strong></span> 
     </span>
     <span class='ocr_line' id='line_1_24' title="bbox 424 3353 1825 3449; baseline 0.002 -26"><span class='ocrx_word' id='word_1_201' title='bbox 424 3353 543 3425; x_wconf 91' lang='lat' dir='ltr'><strong>titudo</strong></span> <span class='ocrx_word' id='word_1_202' title='bbox 563 3354 765 3426; x_wconf 87' lang='lat' dir='ltr'><strong>convenerit</strong></span> <span class='ocrx_word' id='word_1_203' title='bbox 791 3353 834 3426; x_wconf 91' lang='lat' dir='ltr'><strong>ad</strong></span> <span class='ocrx_word' id='word_1_204' title='bbox 861 3354 982 3429; x_wconf 80' lang='lat' dir='ltr'><strong>divina</strong></span> <span class='ocrx_word' id='word_1_205' title='bbox 1014 3353 1198 3440; x_wconf 84' lang='lat' dir='ltr'><strong>audienda,</strong></span> <span class='ocrx_word' id='word_1_206' title='bbox 1226 3376 1289 3449; x_wconf 92' lang='lat' dir='ltr'><strong>per</strong></span> <span class='ocrx_word' id='word_1_207' title='bbox 1309 3376 1374 3424; x_wconf 88' lang='lat' dir='ltr'><strong>nos</strong></span> <span class='ocrx_word' id='word_1_208' title='bbox 1395 3364 1438 3423; x_wconf 91' lang='lat' dir='ltr'><strong>ut</strong></span> <span class='ocrx_word' id='word_1_209' title='bbox 1458 3354 1704 3446; x_wconf 88' lang='lat' dir='ltr'><strong>praemittitur</strong></span> <span class='ocrx_word' id='word_1_210' title='bbox 1725 3362 1825 3427; x_wconf 73' lang='lat' dir='ltr'><strong>exed-</strong></span> 
     </span>
     <span class='ocr_line' id='line_1_25' title="bbox 319 3456 1902 3555; baseline 0.001 -24"><span class='ocrx_word' id='word_1_211' title='bbox 319 3493 322 3498; x_wconf 49' lang='lat'><em>1</em></span> <span class='ocrx_word' id='word_1_212' title='bbox 422 3461 622 3532; x_wconf 82' lang='lat' dir='ltr'><strong>manicatos</strong></span> <span class='ocrx_word' id='word_1_213' title='bbox 653 3458 792 3555; x_wconf 90' lang='lat' dir='ltr'><strong>publice</strong></span> <span class='ocrx_word' id='word_1_214' title='bbox 823 3465 1007 3548; x_wconf 86' lang='lat' dir='ltr'><strong>nuntietis,</strong></span> <span class='ocrx_word' id='word_1_215' title='bbox 1039 3478 1076 3536; x_wconf 83' lang='lat' dir='ltr'><strong>et</strong></span> <span class='ocrx_word' id='word_1_216' title='bbox 1098 3461 1147 3534; x_wconf 84' lang='lat' dir='ltr'><strong>&#39;ah</strong></span> <span class='ocrx_word' id='word_1_217' title='bbox 1173 3460 1251 3533; x_wconf 88' lang='lat' dir='ltr'><strong>aliis</strong></span> <span class='ocrx_word' id='word_1_218' title='bbox 1284 3457 1500 3544; x_wconf 85' lang='lat' dir='ltr'><strong>denuntiari,</strong></span> <span class='ocrx_word' id='word_1_219' title='bbox 1527 3473 1566 3531; x_wconf 89' lang='lat' dir='ltr'><strong>et</strong></span> <span class='ocrx_word' id='word_1_220' title='bbox 1591 3456 1636 3530; x_wconf 90' lang='lat' dir='ltr'><strong>ab</strong></span> <span class='ocrx_word' id='word_1_221' title='bbox 1659 3459 1825 3534; x_wconf 88' lang='lat' dir='ltr'><strong>omnihus</strong></span> <span class='ocrx_word' id='word_1_222' title='bbox 1896 3516 1902 3523; x_wconf 91' lang='lat'><em>.</em></span> 
     </span>
    </p>
   </div>
   <div class='ocr_carea' id='block_1_4' title="bbox 316 3565 1825 3664">
    <p class='ocr_par' dir='ltr' id='par_1_4' title="bbox 316 3565 1825 3664">
     <span class='ocr_line' id='line_1_26' title="bbox 316 3565 1825 3664; baseline 0.001 -25"><span class='ocrx_word' id='word_1_223' title='bbox 316 3647 319 3656; x_wconf 89' lang='lat'><em>.</em></span> <span class='ocrx_word' id='word_1_224' title='bbox 405 3565 560 3639; x_wconf 83' lang='lat' dir='ltr'><strong>Christi</strong></span> <span class='ocrx_word' id='word_1_225' title='bbox 581 3565 746 3641; x_wconf 78' lang='lat' dir='ltr'><strong>fidelihus</strong></span> <span class='ocrx_word' id='word_1_226' title='bbox 764 3571 899 3642; x_wconf 87' lang='lat' dir='ltr'><strong>arctius</strong></span> <span class='ocrx_word' id='word_1_227' title='bbox 920 3573 1046 3646; x_wconf 82' lang='lat' dir='ltr'><strong>evitari</strong></span> <span class='ocrx_word' id='word_1_228' title='bbox 1067 3571 1216 3654; x_wconf 85' lang='lat' dir='ltr'><strong>faciatis,</strong></span> <span class='ocrx_word' id='word_1_229' title='bbox 1242 3567 1352 3641; x_wconf 88' lang='lat' dir='ltr'><strong>donec</strong></span> <span class='ocrx_word' id='word_1_230' title='bbox 1374 3578 1412 3640; x_wconf 87' lang='lat' dir='ltr'><strong>et</strong></span> <span class='ocrx_word' id='word_1_231' title='bbox 1434 3588 1616 3664; x_wconf 88' lang='lat' dir='ltr'><strong>quousque</strong></span> <span class='ocrx_word' id='word_1_232' title='bbox 1637 3565 1825 3642; x_wconf 85' lang='lat' dir='ltr'><strong>ahsolutio-</strong></span> 
     </span>
    </p>
   </div>
   <div class='ocr_carea' id='block_1_5' title="bbox 372 3665 1825 5277">
    <p class='ocr_par' dir='ltr' id='par_1_5' title="bbox 372 3665 1825 4828">
     <span class='ocr_line' id='line_1_27' title="bbox 423 3665 1825 3768; baseline 0 -20"><span class='ocrx_word' id='word_1_233' title='bbox 423 3678 478 3748; x_wconf 89' lang='lat' dir='ltr'><strong>nis</strong></span> <span class='ocrx_word' id='word_1_234' title='bbox 495 3665 707 3750; x_wconf 71' lang='lat' dir='ltr'><strong>vbeneficium</strong></span> <span class='ocrx_word' id='word_1_235' title='bbox 733 3678 932 3751; x_wconf 85' lang='lat' dir='ltr'><strong>meruerint</strong></span> <span class='ocrx_word' id='word_1_236' title='bbox 952 3677 1124 3762; x_wconf 89' lang='lat' dir='ltr'><strong>obtinere,</strong></span> <span class='ocrx_word' id='word_1_237' title='bbox 1148 3691 1185 3749; x_wconf 86' lang='lat' dir='ltr'><strong>et</strong></span> <span class='ocrx_word' id='word_1_238' title='bbox 1205 3673 1305 3748; x_wconf 85' lang='lat' dir='ltr'><strong>aliud</strong></span> <span class='ocrx_word' id='word_1_239' title='bbox 1323 3667 1343 3746; x_wconf 81' lang='lat' dir='ltr'><strong>i</strong></span> <span class='ocrx_word' id='word_1_240' title='bbox 1361 3671 1462 3746; x_wconf 86' lang='lat' dir='ltr'><strong>nobis</strong></span> <span class='ocrx_word' id='word_1_241' title='bbox 1480 3670 1537 3745; x_wconf 82' lang='lat' dir='ltr'><strong>rel</strong></span> <span class='ocrx_word' id='word_1_242' title='bbox 1553 3674 1729 3768; x_wconf 88' lang='lat' dir='ltr'><strong>superiori</strong></span> <span class='ocrx_word' id='word_1_243' title='bbox 1745 3701 1825 3756; x_wconf 83' lang='lat' dir='ltr'><strong>noa-</strong></span> 
     </span>
     <span class='ocr_line' id='line_1_28' title="bbox 424 3779 1825 3868; baseline 0 -13"><span class='ocrx_word' id='word_1_244' title='bbox 424 3798 483 3855; x_wconf 90' lang='lat' dir='ltr'><strong>tro</strong></span> <span class='ocrx_word' id='word_1_245' title='bbox 505 3781 700 3856; x_wconf 89' lang='lat' dir='ltr'><strong>habueritis</strong></span> <span class='ocrx_word' id='word_1_246' title='bbox 722 3784 760 3854; x_wconf 88' lang='lat' dir='ltr'><strong>in</strong></span> <span class='ocrx_word' id='word_1_247' title='bbox 779 3784 964 3858; x_wconf 83' lang='lat' dir='ltr'><strong>mandatis.</strong></span> <span class='ocrx_word' id='word_1_248' title='bbox 984 3782 1160 3858; x_wconf 89' lang='lat' dir='ltr'><strong>Volumus</strong></span> <span class='ocrx_word' id='word_1_249' title='bbox 1176 3797 1296 3856; x_wconf 88' lang='lat' dir='ltr'><strong>autem</strong></span> <span class='ocrx_word' id='word_1_250' title='bbox 1315 3779 1463 3868; x_wconf 74' lang='lat' dir='ltr'><strong>etdieta</strong></span> <span class='ocrx_word' id='word_1_251' title='bbox 1480 3781 1692 3856; x_wconf 85' lang='lat' dir='ltr'><strong>auctoritate</strong></span> <span class='ocrx_word' id='word_1_252' title='bbox 1710 3786 1825 3858; x_wconf 75' lang='lat' dir='ltr'><strong>unni-</strong></span> 
     </span>
     <span class='ocr_line' id='line_1_29' title="bbox 417 3886 1825 3990; baseline 0 -27"><span class='ocrx_word' id='word_1_253' title='bbox 417 3891 491 3963; x_wconf 70' lang='lat' dir='ltr'><strong>»hus</strong></span> <span class='ocrx_word' id='word_1_254' title='bbox 513 3890 649 3965; x_wconf 77' lang='lat' dir='ltr'><strong>Christi</strong></span> <span class='ocrx_word' id='word_1_255' title='bbox 671 3888 834 3966; x_wconf 83' lang='lat' dir='ltr'><strong>fidelibus</strong></span> <span class='ocrx_word' id='word_1_256' title='bbox 856 3894 1105 3990; x_wconf 86' lang='lat' dir='ltr'><strong>praecipimus,</strong></span> <span class='ocrx_word' id='word_1_257' title='bbox 1126 3916 1167 3967; x_wconf 90' lang='lat' dir='ltr'><strong>ac</strong></span> <span class='ocrx_word' id='word_1_258' title='bbox 1189 3890 1294 3964; x_wconf 90' lang='lat' dir='ltr'><strong>modo</strong></span> <span class='ocrx_word' id='word_1_259' title='bbox 1315 3903 1352 3961; x_wconf 90' lang='lat' dir='ltr'><strong>et</strong></span> <span class='ocrx_word' id='word_1_260' title='bbox 1373 3886 1487 3959; x_wconf 83' lang='lat' dir='ltr'><strong>forma</strong></span> <span class='ocrx_word' id='word_1_261' title='bbox 1508 3889 1709 3984; x_wconf 80' lang='lat' dir='ltr'><strong>praemissis</strong></span> <span class='ocrx_word' id='word_1_262' title='bbox 1728 3915 1825 3963; x_wconf 90' lang='lat' dir='ltr'><strong>man-</strong></span> 
     </span>
     <span class='ocr_line' id='line_1_30' title="bbox 424 3987 1824 4094; baseline 0.002 -27"><span class='ocrx_word' id='word_1_263' title='bbox 424 3995 562 4079; x_wconf 85' lang='lat' dir='ltr'><strong>damus,</strong></span> <span class='ocrx_word' id='word_1_264' title='bbox 584 3995 650 4069; x_wconf 89' lang='lat' dir='ltr'><strong>suh</strong></span> <span class='ocrx_word' id='word_1_265' title='bbox 671 3987 791 4091; x_wconf 78' lang='lat' dir='ltr'><strong>poenis</strong></span> <span class='ocrx_word' id='word_1_266' title='bbox 816 4011 855 4072; x_wconf 88' lang='lat' dir='ltr'><strong>et</strong></span> <span class='ocrx_word' id='word_1_267' title='bbox 880 4001 1063 4074; x_wconf 83' lang='lat' dir='ltr'><strong>sententiis</strong></span> <span class='ocrx_word' id='word_1_268' title='bbox 1090 3997 1334 4094; x_wconf 82' lang='lat' dir='ltr'><strong>infrascriptis,</strong></span> <span class='ocrx_word' id='word_1_269' title='bbox 1358 4018 1402 4070; x_wconf 89' lang='lat' dir='ltr'><strong>ue</strong></span> <span class='ocrx_word' id='word_1_270' title='bbox 1422 3992 1553 4091; x_wconf 89' lang='lat' dir='ltr'><strong>aliquis</strong></span> <span class='ocrx_word' id='word_1_271' title='bbox 1574 4019 1698 4082; x_wconf 83' lang='lat' dir='ltr'><strong>eorum</strong></span> <span class='ocrx_word' id='word_1_272' title='bbox 1718 3999 1824 4080; x_wconf 86' lang='lat' dir='ltr'><strong>dietis</strong></span> 
     </span>
     <span class='ocr_line' id='line_1_31' title="bbox 423 4098 1824 4202; baseline 0.002 -27"><span class='ocrx_word' id='word_1_273' title='bbox 423 4102 654 4185; x_wconf 85' lang='lat' dir='ltr'><strong>denuntietis,</strong></span> <span class='ocrx_word' id='word_1_274' title='bbox 685 4116 750 4174; x_wconf 87' lang='lat' dir='ltr'><strong>aut</strong></span> <span class='ocrx_word' id='word_1_275' title='bbox 780 4103 873 4177; x_wconf 89' lang='lat' dir='ltr'><strong>alter</strong></span> <span class='ocrx_word' id='word_1_276' title='bbox 904 4108 1109 4179; x_wconf 91' lang='lat' dir='ltr'><strong>eorumdem</strong></span> <span class='ocrx_word' id='word_1_277' title='bbox 1143 4103 1313 4202; x_wconf 89' lang='lat' dir='ltr'><strong>quamdin</strong></span> <span class='ocrx_word' id='word_1_278' title='bbox 1331 4104 1375 4171; x_wconf 61' lang='lat' dir='ltr'><strong>⁴iu</strong></span> <span class='ocrx_word' id='word_1_279' title='bbox 1403 4098 1603 4197; x_wconf 86' lang='lat' dir='ltr'><strong>hujusmodi</strong></span> <span class='ocrx_word' id='word_1_280' title='bbox 1636 4102 1824 4178; x_wconf 84' lang='lat' dir='ltr'><strong>rebellione</strong></span> 
     </span>
     <span class='ocr_line' id='line_1_32' title="bbox 423 4206 1822 4306; baseline 0.004 -25"><span class='ocrx_word' id='word_1_281' title='bbox 423 4211 646 4306; x_wconf 88' lang='lat' dir='ltr'><strong>perstiterint</strong></span> <span class='ocrx_word' id='word_1_282' title='bbox 666 4209 722 4283; x_wconf 84' lang='lat' dir='ltr'><strong>rel</strong></span> <span class='ocrx_word' id='word_1_283' title='bbox 744 4214 942 4306; x_wconf 78' lang='lat' dir='ltr'><strong>perstiterit</strong></span> <span class='ocrx_word' id='word_1_284' title='bbox 962 4226 1000 4286; x_wconf 89' lang='lat' dir='ltr'><strong>et</strong></span> <span class='ocrx_word' id='word_1_285' title='bbox 1020 4211 1163 4286; x_wconf 89' lang='lat' dir='ltr'><strong>obedire</strong></span> <span class='ocrx_word' id='word_1_286' title='bbox 1190 4234 1260 4283; x_wconf 91' lang='lat' dir='ltr'><strong>non</strong></span> <span class='ocrx_word' id='word_1_287' title='bbox 1283 4206 1488 4281; x_wconf 78' lang='lat' dir='ltr'><strong>sanaverint</strong></span> <span class='ocrx_word' id='word_1_288' title='bbox 1501 4261 1520 4290; x_wconf 71' lang='lat'><strong>,‚</strong></span> <span class='ocrx_word' id='word_1_289' title='bbox 1536 4209 1610 4282; x_wconf 86' lang='lat' dir='ltr'><strong>sive</strong></span> <span class='ocrx_word' id='word_1_290' title='bbox 1631 4235 1700 4284; x_wconf 90' lang='lat' dir='ltr'><strong>non</strong></span> <span class='ocrx_word' id='word_1_291' title='bbox 1721 4235 1822 4286; x_wconf 88' lang='lat' dir='ltr'><strong>cura·</strong></span> 
     </span>
     <span class='ocr_line' id='line_1_33' title="bbox 423 4312 1824 4417; baseline 0.001 -27"><span class='ocrx_word' id='word_1_292' title='bbox 423 4317 530 4400; x_wconf 81' lang='lat' dir='ltr'><strong>verit,</strong></span> <span class='ocrx_word' id='word_1_293' title='bbox 556 4340 662 4413; x_wconf 89' lang='lat' dir='ltr'><strong>super</strong></span> <span class='ocrx_word' id='word_1_294' title='bbox 688 4313 816 4391; x_wconf 89' lang='lat' dir='ltr'><strong>debitis</strong></span> <span class='ocrx_word' id='word_1_295' title='bbox 844 4335 879 4393; x_wconf 88' lang='lat' dir='ltr'><strong>et</strong></span> <span class='ocrx_word' id='word_1_296' title='bbox 905 4319 985 4393; x_wconf 89' lang='lat' dir='ltr'><strong>aliis</strong></span> <span class='ocrx_word' id='word_1_297' title='bbox 1007 4319 1158 4417; x_wconf 82' lang='lat' dir='ltr'><strong>negotiis</strong></span> <span class='ocrx_word' id='word_1_298' title='bbox 1179 4319 1216 4390; x_wconf 92' lang='lat' dir='ltr'><strong>in</strong></span> <span class='ocrx_word' id='word_1_299' title='bbox 1238 4317 1315 4394; x_wconf 89' lang='lat' dir='ltr'><strong>foro</strong></span> <span class='ocrx_word' id='word_1_300' title='bbox 1340 4312 1576 4392; x_wconf 84' lang='lat' dir='ltr'><strong>ecclesiastiea</strong></span> <span class='ocrx_word' id='word_1_301' title='bbox 1594 4331 1632 4389; x_wconf 88' lang='lat' dir='ltr'><strong>et</strong></span> <span class='ocrx_word' id='word_1_302' title='bbox 1653 4319 1824 4394; x_wconf 85' lang='lat' dir='ltr'><strong>saeculari</strong></span> 
     </span>
     <span class='ocr_line' id='line_1_34' title="bbox 424 4420 1823 4523; baseline 0.001 -26"><span class='ocrx_word' id='word_1_303' title='bbox 424 4425 636 4523; x_wconf 75' lang='lat' dir='ltr'><strong>respondere</strong></span> <span class='ocrx_word' id='word_1_304' title='bbox 656 4442 870 4521; x_wconf 83' lang='lat' dir='ltr'><strong>praesumat,</strong></span> <span class='ocrx_word' id='word_1_305' title='bbox 893 4427 953 4502; x_wconf 86' lang='lat' dir='ltr'><strong>sed</strong></span> <span class='ocrx_word' id='word_1_306' title='bbox 976 4430 1025 4505; x_wconf 86' lang='lat' dir='ltr'><strong>eis&#39;</strong></span> <span class='ocrx_word' id='word_1_307' title='bbox 1046 4443 1090 4502; x_wconf 92' lang='lat' dir='ltr'><strong>ut</strong></span> <span class='ocrx_word' id='word_1_308' title='bbox 1109 4426 1356 4522; x_wconf 84' lang='lat' dir='ltr'><strong>praemittitur</strong></span> <span class='ocrx_word' id='word_1_309' title='bbox 1381 4420 1571 4496; x_wconf 83' lang='lat' dir='ltr'><strong>rebellibus</strong></span> <span class='ocrx_word' id='word_1_310' title='bbox 1596 4427 1712 4500; x_wconf 88' lang='lat' dir='ltr'><strong>omnis</strong></span> <span class='ocrx_word' id='word_1_311' title='bbox 1730 4428 1823 4523; x_wconf 89' lang='lat' dir='ltr'><strong>judi·</strong></span> 
     </span>
     <span class='ocr_line' id='line_1_35' title="bbox 372 4523 1823 4633; baseline 0.001 -27"><span class='ocrx_word' id='word_1_312' title='bbox 372 4543 374 4546; x_wconf 81' lang='grc'><strong>’</strong></span> <span class='ocrx_word' id='word_1_313' title='bbox 423 4533 471 4606; x_wconf 91' lang='lat' dir='ltr'><strong>cii</strong></span> <span class='ocrx_word' id='word_1_314' title='bbox 493 4533 581 4608; x_wconf 84' lang='lat' dir='ltr'><strong>ordo</strong></span> <span class='ocrx_word' id='word_1_315' title='bbox 601 4523 759 4609; x_wconf 80' lang='lat' dir='ltr'><strong>stactus</strong></span> <span class='ocrx_word' id='word_1_316' title='bbox 781 4534 959 4633; x_wconf 86' lang='lat' dir='ltr'><strong>judicialis</strong></span> <span class='ocrx_word' id='word_1_317' title='bbox 975 4533 1235 4633; x_wconf 87' lang='lat' dir='ltr'><strong>praecludatur</strong></span> <span class='ocrx_word' id='word_1_318' title='bbox 1263 4533 1406 4628; x_wconf 85' lang='lat' dir='ltr'><strong>penitus</strong></span> <span class='ocrx_word' id='word_1_319' title='bbox 1427 4544 1465 4604; x_wconf 89' lang='lat' dir='ltr'><strong>et</strong></span> <span class='ocrx_word' id='word_1_320' title='bbox 1486 4545 1658 4628; x_wconf 77' lang='lat' dir='ltr'><strong>negetur:</strong></span> <span class='ocrx_word' id='word_1_321' title='bbox 1682 4533 1746 4606; x_wconf 84' lang='lat' dir='ltr'><strong>hee</strong></span> <span class='ocrx_word' id='word_1_322' title='bbox 1766 4559 1823 4608; x_wconf 90' lang='lat' dir='ltr'><strong>eo-</strong></span> 
     </span>
     <span class='ocr_line' id='line_1_36' title="bbox 423 4636 1821 4742; baseline 0.001 -29"><span class='ocrx_word' id='word_1_323' title='bbox 423 4664 507 4713; x_wconf 87' lang='lat' dir='ltr'><strong>rum</strong></span> <span class='ocrx_word' id='word_1_324' title='bbox 527 4641 743 4716; x_wconf 87' lang='lat' dir='ltr'><strong>testimoniis</strong></span> <span class='ocrx_word' id='word_1_325' title='bbox 762 4642 853 4718; x_wconf 83' lang='lat' dir='ltr'><strong>fides</strong></span> <span class='ocrx_word' id='word_1_326' title='bbox 872 4643 1102 4719; x_wconf 68' lang='lat' dir='ltr'><strong>adhibeatur-r</strong></span> <span class='ocrx_word' id='word_1_327' title='bbox 1123 4642 1194 4739; x_wconf 89' lang='lat' dir='ltr'><strong>ipsi</strong></span> <span class='ocrx_word' id='word_1_328' title='bbox 1210 4655 1329 4718; x_wconf 71' lang='lat' dir='ltr'><strong>umen</strong></span> <span class='ocrx_word' id='word_1_329' title='bbox 1351 4636 1431 4716; x_wconf 82' lang='lat' dir='ltr'><strong>aliis</strong></span> <span class='ocrx_word' id='word_1_330' title='bbox 1449 4640 1594 4718; x_wconf 77' lang='lat' dir='ltr'><strong>omniuo</strong></span> <span class='ocrx_word' id='word_1_331' title='bbox 1613 4642 1821 4742; x_wconf 68' lang='lat' dir='ltr'><strong>respondere</strong></span> 
     </span>
     <span class='ocr_line' id='line_1_37' title="bbox 425 4762 1702 4828; baseline -0.004 -4"><span class='ocrx_word' id='word_1_332' title='bbox 425 4762 642 4824; x_wconf 61' lang='lat' dir='ltr'><strong>tenemium·</strong></span> <span class='ocrx_word' id='word_1_333' title='bbox 1630 4789 1634 4796; x_wconf 92' lang='grc'><strong><em>·</em></strong></span> <span class='ocrx_word' id='word_1_334' title='bbox 1698 4791 1702 4828; x_wconf 73' lang='grc' dir='ltr'><strong>ῑ</strong></span> 
     </span>
    </p>

    <p class='ocr_par' dir='ltr' id='par_1_6' title="bbox 372 4851 1825 5277">
     <span class='ocr_line' id='line_1_38' title="bbox 536 4851 1822 4954; baseline 0.002 -27"><span class='ocrx_word' id='word_1_335' title='bbox 536 4859 582 4929; x_wconf 88' lang='grc'><strong>16</strong></span> <span class='ocrx_word' id='word_1_336' title='bbox 636 4858 673 4931; x_wconf 86' lang='lat' dir='ltr'><strong>si</strong></span> <span class='ocrx_word' id='word_1_337' title='bbox 695 4880 779 4932; x_wconf 81' lang='lat' dir='ltr'><strong>rere</strong></span> <span class='ocrx_word' id='word_1_338' title='bbox 800 4858 948 4954; x_wconf 90' lang='lat' dir='ltr'><strong>praefati</strong></span> <span class='ocrx_word' id='word_1_339' title='bbox 971 4864 1123 4934; x_wconf 77' lang='lat' dir='ltr'><strong>ioannes</strong></span> <span class='ocrx_word' id='word_1_340' title='bbox 1150 4856 1304 4942; x_wconf 83' lang='lat' dir='ltr'><strong>Alfonsi,</strong></span> <span class='ocrx_word' id='word_1_341' title='bbox 1320 4871 1369 4934; x_wconf 70' lang='lat' dir='ltr'><strong>,et</strong></span> <span class='ocrx_word' id='word_1_342' title='bbox 1388 4851 1449 4929; x_wconf 91' lang='lat' dir='ltr'><strong>alii</strong></span> <span class='ocrx_word' id='word_1_343' title='bbox 1472 4855 1611 4939; x_wconf 80' lang='lat' dir='ltr'><strong>Clerici,</strong></span> <span class='ocrx_word' id='word_1_344' title='bbox 1633 4857 1822 4944; x_wconf 76' lang='lat' dir='ltr'><strong>Rectores,</strong></span> 
     </span>
     <span class='ocr_line' id='line_1_39' title="bbox 426 4955 1822 5061; baseline -0.001 -23"><span class='ocrx_word' id='word_1_345' title='bbox 426 4962 598 5050; x_wconf 84' lang='lat' dir='ltr'><strong>Abbates,</strong></span> <span class='ocrx_word' id='word_1_346' title='bbox 620 4966 770 5050; x_wconf 87' lang='lat' dir='ltr'><strong>Priores,</strong></span> <span class='ocrx_word' id='word_1_347' title='bbox 793 4966 1015 5054; x_wconf 83' lang='lat' dir='ltr'><strong>Abbatissse,</strong></span> <span class='ocrx_word' id='word_1_348' title='bbox 1037 4969 1238 5051; x_wconf 87' lang='lat' dir='ltr'><strong>Priorissae,</strong></span> <span class='ocrx_word' id='word_1_349' title='bbox 1266 4968 1481 5047; x_wconf 81' lang='lat' dir='ltr'><strong>Conventus,</strong></span> <span class='ocrx_word' id='word_1_350' title='bbox 1510 4962 1638 5048; x_wconf 84' lang='lat' dir='ltr'><strong>Clerus</strong></span> <span class='ocrx_word' id='word_1_351' title='bbox 1656 4977 1693 5037; x_wconf 88' lang='lat' dir='ltr'><strong>et</strong></span> <span class='ocrx_word' id='word_1_352' title='bbox 1714 4955 1822 5061; x_wconf 85' lang='lat' dir='ltr'><strong>popu-</strong></span> 
     </span>
     <span class='ocr_line' id='line_1_40' title="bbox 428 5069 1824 5173; baseline 0.002 -30"><span class='ocrx_word' id='word_1_353' title='bbox 428 5070 484 5144; x_wconf 90' lang='lat' dir='ltr'><strong>lus</strong></span> <span class='ocrx_word' id='word_1_354' title='bbox 511 5071 626 5145; x_wconf 87' lang='lat' dir='ltr'><strong>diotae</strong></span> <span class='ocrx_word' id='word_1_355' title='bbox 658 5073 835 5147; x_wconf 84' lang='lat' dir='ltr'><strong>Dioecesis</strong></span> <span class='ocrx_word' id='word_1_356' title='bbox 866 5076 1052 5162; x_wconf 85' lang='lat' dir='ltr'><strong>Tudensis,</strong></span> <span class='ocrx_word' id='word_1_357' title='bbox 1077 5078 1251 5173; x_wconf 89' lang='lat' dir='ltr'><strong>superius·</strong></span> <span class='ocrx_word' id='word_1_358' title='bbox 1265 5073 1513 5156; x_wconf 73' lang='lat' dir='ltr'><strong>nominatiet</strong></span> <span class='ocrx_word' id='word_1_359' title='bbox 1534 5069 1593 5146; x_wconf 81' lang='lat' dir='ltr'><strong>alii</strong></span> <span class='ocrx_word' id='word_1_360' title='bbox 1612 5073 1686 5170; x_wconf 86' lang='lat' dir='ltr'><strong>jam</strong></span> <span class='ocrx_word' id='word_1_361' title='bbox 1708 5075 1824 5152; x_wconf 86' lang='lat' dir='ltr'><strong>forsan</strong></span> 
     </span>
     <span class='ocr_line' id='line_1_41' title="bbox 372 5177 1825 5277; baseline 0.004 -28"><span class='ocrx_word' id='word_1_362' title='bbox 372 5225 376 5234; x_wconf 90' lang='lat'>-</span> <span class='ocrx_word' id='word_1_363' title='bbox 428 5180 571 5266; x_wconf 83' lang='lat' dir='ltr'><strong>intrusi,</strong></span> <span class='ocrx_word' id='word_1_364' title='bbox 605 5177 659 5253; x_wconf 82' lang='lat' dir='ltr'><strong>rel</strong></span> <span class='ocrx_word' id='word_1_365' title='bbox 694 5181 923 5277; x_wconf 88' lang='lat' dir='ltr'><strong>imposterum</strong></span> <span class='ocrx_word' id='word_1_366' title='bbox 952 5185 1160 5261; x_wconf 86' lang='lat' dir='ltr'><strong>intrudendi</strong></span> <span class='ocrx_word' id='word_1_367' title='bbox 1182 5186 1219 5258; x_wconf 91' lang='lat' dir='ltr'><strong>in</strong></span> <span class='ocrx_word' id='word_1_368' title='bbox 1242 5179 1575 5268; x_wconf 78' lang='lat' dir='ltr'><strong>Administratione,</strong></span> <span class='ocrx_word' id='word_1_369' title='bbox 1595 5177 1825 5260; x_wconf 80' lang='lat' dir='ltr'><strong>Archidineo-</strong></span> 
     </span>
    </p>
   </div>
   <div class='ocr_carea' id='block_1_6' title="bbox 0 0 2572 6450">
    <p class='ocr_par' dir='ltr' id='par_1_7' title="bbox 0 0 2572 6450">
     <span class='ocr_line' id='line_1_42' title="bbox 0 0 2572 6450; baseline 0 0"><span class='ocrx_word' id='word_1_370' title='bbox 0 0 2572 6450; x_wconf 95' lang='lat' dir='ltr'><strong> </strong></span> 
     </span>
    </p>
   </div>
  </div>
 </body>
</html>
