5134 6450
400 1008 564 1073 neamus,
575 1001 620 1062 et
636 989 872 1073 notificamus,
889 1011 930 1062 ac
946 988 991 1061 ad
1009 1012 1133 1064 eorum
1153 1004 1190 1063 et
1209 1002 1369 1062 vestrum
1387 1012 1427 1060 ae
1445 986 1635 1085 cujuslibet
1654 1012 1792 1073 eornm,

399 1109 435 1167 et
460 1110 618 1169 vestrum
642 1097 806 1171 notitiam
832 1096 1064 1182 deducimus,
1090 1112 1127 1172 et
1153 1095 1277 1172 deduci
1305 1095 1470 1170 volumus
1495 1118 1558 1192 per
1584 1111 1792 1192 praesentes.

398 1202 447 1274 Et
468 1200 705 1281 nihilominus
725 1228 789 1303 per
809 1203 875 1281 boc
897 1204 989 1278 idem
1012 1204 1168 1279 edictum
1192 1203 1297 1276 modo
1317 1220 1354 1278 et
1372 1205 1486 1277 forma
1508 1204 1709 1299 praemissis
1729 1229 1794 1299 pu·

263 1358 267 1379 .
397 1305 602 1383 blicandum
628 1328 665 1387 et
690 1311 933 1412 exequendum
959 1312 1133 1408 praefatos
1156 1314 1329 1384 loannem
1356 1310 1493 1386 Aliensi
1518 1327 1555 1385 et
1575 1310 1663 1383 alios
1684 1308 1794 1383 Cleri-

392 1439 468 1500 eos,
482 1420 661 1503 Rectores,
675 1419 844 1506 Abbates,
863 1419 1013 1503 Priores,
1033 1418 1251 1503 Abbatissas,
1270 1420 1469 1502 Priorissas,
1487 1419 1698 1502 Conventus,
1718 1416 1795 1491 Cle-

397 1546 496 1606 rum.
518 1539 556 1597 et
576 1526 746 1623 populum
768 1528 1077 1609 dictaeDioeeesis
1092 1526 1264 1601 Tudensis
1281 1528 1444 1623 superius
1462 1518 1670 1612 nominatos,
1688 1525 1795 1598 etiarn

398 1631 569 1716 intrusos,
591 1632 647 1708 rel
669 1635 901 1731 imposterum
930 1634 1160 1709 intendendos
1186 1632 1388 1731 hujusmodi
1410 1636 1447 1707 in
1467 1634 1797 1714 Administratione,

399 1735 768 1828 Ambidiaeonatibus,
800 1741 1085 1827 Camnieatibus,
1117 1740 1341 1827 Praebendis,
1368 1741 1558 1827 Beneficiis,
1586 1738 1796 1820 redditibus,

399 1859 437 1916 et
458 1844 540 1920 aliis
564 1849 788 1945 supradictis,
814 1865 857 1922 ut
883 1848 1113 1948 praedicitur,
1140 1867 1176 1925 et
1200 1848 1288 1923 alios
1309 1873 1463 1949 qnorum
1486 1850 1645 1932 interest,
1667 1845 1723 1920 vel
1745 1847 1797 1916 in-

397 1954 538 2037 tererit,
560 1957 799 2033 communiter
824 1958 881 2033 vel
907 1956 1051 2031 divisim
1085 1959 1311 2056 requirimus,
1335 1972 1371 2030 et
1392 1981 1577 2031 monemus
1596 1947 1726 2051 primii,
1747 1978 1798 2026 se·

298 2154 304 2159 ,
336 2156 339 2163 Ι
400 2050 528 2143 cundi),
545 2060 669 2146 tertio,
691 2078 728 2138 et
746 2066 995 2161 peremptorie,
1012 2066 1133 2164 eisque
1150 2080 1330 2138 eteorum
1348 2064 1496 2139 cuilibet
1514 2066 1551 2136 in
1569 2064 1705 2136 virtute
1722 2085 1799 2133 san-
1873 2064 1878 2075 '

400 2179 479 2238 ctae
511 2165 741 2255 obedientiae,
773 2188 809 2247 et
839 2170 907 2247 sub
938 2172 1173 2267 infrascriptis
1204 2174 1461 2247 sententiarum
1490 2172 1610 2268 poenis
1636 2169 1800 2242 districte

401 2275 648 2370 praecipiendo
669 2278 890 2364 mandamus,
912 2294 1086 2379 quaterem
1108 2280 1201 2352 infra
1222 2303 1281 2354 ser
1302 2278 1443 2354 dierum
1463 2279 1616 2376 spatium
1636 2292 1713 2375 post
1735 2300 1800 2374 pu·

401 2376 629 2455 blicaticnem
651 2398 689 2457 et
709 2388 949 2462 executionem
972 2388 1210 2483 praesentium
1233 2385 1412 2475 involvis,
1433 2411 1495 2462 seu
1517 2387 1629 2484 portis
1647 2399 1730 2459 ante
1747 2383 1800 2455 di-

396 2486 466 2558 ctis
489 2486 592 2561 modo
614 2496 805 2586 praemisso
823 2494 933 2568 factas
955 2494 1161 2569 immediate
1181 2508 1380 2593 sequentes,
1401 2518 1555 2594 quorum
1578 2517 1638 2569 ser
1657 2490 1801 2565 dierum
1837 2567 1845 2587 ⁸

400 2591 492 2666 duos
513 2620 578 2692 pro
599 2599 729 2693 primo,
750 2601 839 2673 duos
856 2625 920 2698 pro
937 2601 1103 2686 secundo,
1121 2617 1159 2674 et
1177 2599 1330 2700 reliquos
1346 2603 1434 2679 dnos
1450 2602 1535 2688 dies,
1552 2602 1606 2675 eis
1622 2615 1660 2673 et
1676 2623 1802 2674 eorum

400 2699 551 2776 cuilibet
571 2728 637 2800 pro
656 2709 767 2783 tertio
788 2723 825 2782 et
846 2708 1090 2804 peremptorio,
1104 2708 1259 2780 termino
1286 2733 1326 2780 ac
1350 2710 1545 2783 monitione
1565 2708 1730 2780 canonica
1751 2731 1803 2778 as·

402 2809 596 2905 signamus,
618 2815 774 2909 praelato
795 2815 949 2890 nemim
971 2816 1096 2887 ioanni
1120 2815 1289 2912 Episcopo
1311 2828 1349 2888 et
1368 2814 1626 2891 suecessoribus
1644 2814 1717 2886 suis
1734 2816 1803 2886 Tu·

402 2914 568 2988 densibus
588 2921 766 3019 Episcopis
786 2947 852 3019 pro
874 2936 1047 3019 ternpore,
1069 2945 1109 2994 ae
1128 2925 1278 3007 Decano,
1307 2922 1469 3019 Capitale
1496 2920 1684 3019 praedictis
1707 2945 1803 2992 cont·
1933 3004 1937 3013 p

308 3106 312 3111 p
405 3024 561 3099 mummi·
586 3040 625 3101 et
650 3027 807 3116 divisim,
833 3044 1007 3129 quantum
1034 3028 1229 3128 quemlibet
1250 3032 1409 3127 ipsorum¹
1428 3031 1620 3113 concernit,
1641 3025 1805 3102 obedien·

402 3130 506 3217 tiam,
527 3137 774 3224 reverentiam,
794 3152 833 3212 et
854 3137 1023 3221 honorem
1050 3136 1192 3219 debitus
1218 3136 1405 3225 exhibeant
1430 3136 1571 3213 realiter
1593 3151 1630 3211 et
1650 3159 1733 3209 cum
1755 3135 1805 3209 ef·
1934 3144 1936 3147 ’

318 3311 328 3322 ,
403 3239 514 3323 lectu,
539 3264 580 3314 ac
601 3265 725 3318 eorum
748 3245 1001 3320 monitionibus
1022 3261 1059 3320 et
1081 3245 1257 3319 mandatis
1279 3261 1482 3344 percantet
1504 3243 1701 3322 intendant.

345 3413 355 3422 .
517 3351 563 3422 12
619 3353 845 3430 MONEMUS
877 3356 1020 3450 insuper
1052 3353 1157 3426 modo
1188 3367 1226 3428 et
1256 3352 1371 3427 sorrna
1398 3353 1615 3451 praemissis,
1647 3375 1710 3446 per
1738 3350 1806 3422 hoc

304 3485 305 3489 ¹
404 3453 500 3526 idem
522 3455 679 3532 edictum
702 3461 876 3557 praefatos
895 3465 1066 3535 ioannem
1089 3460 1231 3536 Alfonsi
1254 3476 1290 3533 et
1310 3460 1397 3534 alios
1424 3459 1588 3543 Clericus,
1616 3461 1804 3538 Rectores,

405 3559 575 3651 Abbates,
598 3564 747 3654 Priores,
769 3567 982 3655 abbatissas,
1005 3568 1204 3653 Priorissas,
1231 3571 1447 3666 Conventus,
1469 3566 1615 3644 (ilerum
1637 3578 1673 3638 et
1694 3567 1805 3660 Popu-

406 3663 484 3742 lum
506 3670 622 3760 dictae
641 3676 815 3750 Dioeceeis
836 3676 1009 3751 Tudensis
1029 3676 1190 3772 superius
1211 3676 1419 3757 nominatos,
1432 3698 1485 3780 ,ae
1505 3671 1593 3780 alios
1619 3694 1806 3769 quoscum·

406 3781 529 3874 quein
549 3781 880 3869 Administratione,
897 3780 1263 3876 Arcbidiaconatibus,
1282 3777 1806 3865 Canonimtibus,·Praebendis,

359 3967 361 3970 ,
405 3900 444 3962 et
464 3887 648 3974 Beneficiis
668 3891 795 3976 ereans
815 3906 853 3964 et
873 3892 1015 3974 erectis,
1032 3905 1074 3963 nt
1094 3889 1306 3986 praefertur,
1325 3912 1458 3963 necnon
1476 3887 1666 3972 fructibus,
1691 3886 1807 3968 reddi·

407 3991 517 4078 tibus,
535 3995 691 4091 juribus,
713 3996 942 4093 proventibus
961 4011 999 4071 et
1020 3994 1290 4076 obventionibus
1307 3994 1509 4092 hujusmodi
1523 3996 1597 4093 jam
1616 3995 1735 4068 forsan
1754 3994 1807 4065 in·

407 4115 527 4174 uusos
547 4100 604 4175 vel
626 4104 861 4199 imposterum
889 4102 1130 4185 intendendos,
1156 4102 1324 4201 quatinus
1346 4101 1442 4178 infra
1464 4105 1646 4197 sexaginta
1666 4100 1807 4172 dierum

407 4208 564 4304 spatium
591 4224 670 4305 post
696 4209 970 4308 publicationem
997 4223 1035 4283 et
1060 4208 1261 4282 affixionem
1295 4206 1536 4304 praesentium
1565 4211 1601 4280 in
1624 4206 1735 4282 valvis
1755 4205 1809 4282 di·
1904 4303 1906 4310 Α

409 4330 553 4390 starum
580 4316 817 4394 Ecclmiarum
850 4318 959 4394 lactas
985 4316 1194 4400 immediate
1226 4332 1424 4413 sequentes,
1453 4338 1607 4412 quorum
1629 4315 1809 4410 sexaginta

410 4421 551 4498 dierum
566 4426 695 4521 viginti
714 4451 779 4524 pro
793 4428 921 4523 primo,
941 4425 1067 4519 viginti
1088 4447 1153 4520 pro
1171 4422 1337 4508 munde,
1355 4438 1393 4498 et
1410 4422 1577 4527 singulos
1588 4423 1717 4520 viginti
1735 4421 1814 4494 dies
1848 4506 1851 4510 ,

303 4592 310 4602 .
410 4533 461 4602 eis
482 4546 665 4608 eteorum
686 4533 833 4609 cuilibet
854 4556 919 4630 pro
940 4533 1050 4608 tertio
1070 4545 1107 4605 et
1128 4532 1367 4629 peremptorio
1383 4531 1541 4604 termino
1558 4553 1599 4604 ae
1618 4525 1810 4602 monitione

407 4640 575 4714 canonica
598 4646 829 4739 assignamus,
855 4639 1023 4737 praelatis
1050 4640 1140 4736 Dnis
1167 4640 1292 4713 loanni
1314 4642 1398 4738 Epo
1422 4636 1588 4723 Tndensi,
1609 4661 1649 4710 ae
1671 4639 1809 4710 Decano

404 4761 447 4818 et
460 4748 625 4844 Capitulo
641 4739 756 4826 dietae
773 4749 947 4826 Ecclesiae
962 4746 1135 4822 'ludensis
1152 4748 1393 4825 communiter
1412 4760 1449 4818 et
1461 4744 1619 4828 divisim,
1634 4758 1809 4841 quantum

411 4856 521 4931 etiarn
555 4855 754 4953 quemlibet
786 4859 943 4952 ipsorum
970 4855 1149 4952 contingit
1173 4855 1219 4929 de
1244 4854 1351 4928 dictis
1383 4850 1570 4937 fructibus,
1598 4848 1810 4944 redditibus,

328 5001 335 5014 ·
410 4961 656 5060 proventibus,
685 4961 826 5062 juribus
856 4979 894 5037 et
925 4961 1205 5049 obventionibus,
1238 4984 1374 5036 necnon
1404 4958 1485 5033 aliis
1517 4959 1618 5033 bonis
1646 4958 1690 5032 ad
1717 4960 1811 5053 ipsos

413 5076 512 5152 Duos
534 5095 599 5167 pro
619 5086 784 5168 tempore
807 5073 1017 5168 Episcopum
1046 5065 1257 5153 Tudenscrn,
1281 5094 1322 5144 ac
1345 5073 1523 5145 monum
1545 5083 1582 5142 et
1604 5066 1811 5164 Capitulum

240 5175 243 5188 '
412 5176 586 5266 Ecclesiae
608 5178 781 5257 Tudensis
800 5179 1040 5263 communiter
1061 5196 1097 5255 et
1118 5178 1276 5262 divisim,
1297 5202 1337 5251 ae
1362 5199 1496 5252 mensas
1517 5173 1757 5272 Episcopalem
1776 5185 1811 5246 et

1549 5288 1593 5362 ll
