5134 6450
811 1607 1475 1739 DOCUMENTOS.

1002 1954 1272 1967 ——m

1079 2181 1142 2262 na
1171 2184 1204 2261 1.
1244 2292 1247 2297 Ι

239 2474 241 2476 V
302 2480 304 2483 Ι
439 2529 543 2600 Balla
567 2530 748 2602 Romanus
776 2530 936 2604 Pontifex
959 2529 1001 2603 de
1024 2531 1207 2603 Marcam
1229 2533 1271 2604 V
1288 2528 1383 2604 dada
1404 2555 1456 2603 em
1477 2532 1680 2624 Comtanea
1705 2555 1729 2602 a
1757 2533 1780 2602 4
1810 2526 1879 2602 de„

519 2635 622 2707 Aac
639 2635 681 2709 de
709 2640 823 2719 1417,
838 2637 924 2735 peu
942 2638 1039 2736 quat,
1062 2662 1087 2708 a
1108 2645 1284 2710 instance
1304 2636 1345 2709 da
1363 2637 1416 2711 o.
1435 2640 1521 2708 roeo
1538 2637 1571 2719 1,
1591 2636 1854 2734 mgruamca·
1996 2720 2001 2728 ,
2092 2610 2095 2623 '

519 2740 661 2814 thedral
674 2768 698 2815 a
716 2743 840 2843 Igreja
851 2746 853 2753 ’
864 2742 906 2813 de
927 2744 1052 2814 Cento.
1071 2742 1218 2815 Inserta
1235 2768 1289 2814 em
1306 2766 1389 2814 unta
1406 2745 1521 2815 Carta
1539 2750 1754 2824 executores.
1766 2766 1853 2840 pas·

519 2847 679 2920 sedeam
697 2873 796 2919 nones
818 2846 879 2920 dos
900 2847 1103 2949 Arccbispos
1124 2846 1166 2919 de
1189 2850 1317 2948 Braga
1338 2874 1357 2919 e
1378 2845 1420 2920 dc
1440 2847 1574 2931 mbos,
1597 2849 1711 2920 Jur'zes
1728 2870 1852 2918 execu-

361 2978 369 2986 ·
520 2969 615 3024 tores
633 2953 680 3025 do
698 2980 826 3055 encoma
845 2954 960 3026 Bulla.
1078 3018 1081 3025 r

441 3210 677 3371 Fornandus
698 3295 756 3366 dci
777 3308 816 3367 et
837 3294 1044 3390 Apostolice
1063 3297 1156 3368 sedis
1175 3299 1292 3391 gratia
1314 3295 1613 3392 Archiepisoopus
1630 3298 1855 3370 Bracarensis

442 3416 479 3474 et
501 3401 639 3472 Primas
660 3423 799 3474 necnon
822 3401 977 3472 Didacus
999 3400 1121 3474 cadem
1144 3406 1263 3497 gratia
1284 3401 1584 3497 Archiepisoopus
1606 3400 1857 3473 Ulixbonensis

442 3510 658 3580 Executores
684 3508 898 3578 auctoritate
924 3506 1115 3602 apostolim
1141 3508 1186 3580 ad
1214 3509 1441 3604 infrascripta
1466 3506 1668 3604 specialiter
1692 3504 1856 3602 deputati

443 3613 627 3685 Universis
655 3625 695 3683 et
721 3610 873 3708 singulis
899 3627 1081 3705 presentes
1103 3613 1225 3686 literas
1247 3614 1464 3709 inspecturis
1486 3613 1638 3687 salutem
1662 3614 1699 3683 in
1719 3611 1859 3685 rodem

443 3734 548 3814 ptore
569 3732 691 3790 nostro
714 3717 838 3798 Jeshu,
861 3719 925 3812 qui
948 3732 1002 3788 est
1023 3720 1187 3790 omnium
1208 3742 1292 3793 vera
1314 3716 1421 3790 salus.
1450 3721 1497 3790 Et
1523 3716 1703 3790 mandatis
1726 3716 1860 3790 nostris

444 3850 529 3918 ymo
552 3826 674 3897 verius
694 3820 920 3918 appostolicis
940 3821 1095 3898 firmiter
1115 3823 1272 3900 obedire.
1296 3823 1477 3898 Noveritis
1498 3823 1593 3922 quod
1609 3819 1792 3925 pro2parte
1808 3844 1860 3895 se·

446 3931 637 4014 senissimi,
649 3928 821 4027 principis
842 3944 880 4001 et
902 3928 1038 4000 domini
1061 3930 1187 4003 domiti
1209 3931 1324 4003 nostri
1351 3931 1461 4028 Regis
1489 3928 1646 4002 illustris
1666 3929 1767 4003 nobis
1788 3927 1861 4000 fuit

443 4050 644 4129 presentata
666 4034 818 4131 quedam
844 4033 945 4107 litera
965 4037 1179 4108 sanctissimi
1210 4039 1247 4109 in
1278 4037 1423 4111 Christo
1441 4038 1554 4130 patris
1572 4050 1609 4108 et
1625 4036 1761 4109 domini
1780 4058 1859 4106 nos·

445 4143 497 4211 tri
511 4140 637 4213 domni
657 4139 800 4213 Martini
819 4139 940 4211 diviua
955 4140 1178 4234 providentio
1197 4165 1284 4237 pape
1302 4143 1431 4233 Quinti
1448 4139 1659 4214 Executoria
1677 4165 1762 4213 cum
1771 4161 1860 4211 onr-

445 4246 529 4319 dula
552 4247 675 4340 mnapi
698 4245 834 4317 bullata
856 4269 918 4317 sua
941 4269 1023 4318 vera
1046 4245 1142 4317 bulla
1165 4246 1333 4342 pumblea
1356 4269 1456 4320 more
1473 4249 1632 4322 Romane
1652 4247 1755 4321 curie
1775 4267 1860 4340 pen·

446 4352 545 4425 denti
578 4374 647 4424 non
677 4354 802 4423 viciam
831 4375 900 4424 non
928 4350 1120 4424 cancellata
1153 4376 1218 4426 nec
1250 4350 1370 4449 aliqua
1398 4353 1454 4423 sui
1481 4364 1583 4447 parte
1610 4349 1773 4447 suspecta
1800 4350 1860 4424 aed
1964 4433 1967 4436 ¹

334 4515 337 4522 .
446 4482 593 4552 prorsus
614 4460 711 4557 omni
733 4458 827 4530 vicio
849 4471 886 4532 et
908 4459 1131 4553 suspectione
1147 4481 1270 4532 carens
1290 4472 1332 4529 ut
1348 4456 1464 4552 prima
1486 4457 1572 4531 facie
1590 4456 1781 4553 apparebat
1798 4476 1861 4529 cu·

443 4565 502 4659 jus
524 4578 627 4637 tenor
649 4564 693 4639 de
715 4563 825 4638 verbo
845 4563 891 4636 ad
913 4562 1064 4636 verbum
1089 4567 1254 4661 sequitur
1276 4578 1315 4637 et
1331 4576 1386 4637 est
1398 4562 1741 4636 talis-«Martinus
1759 4563 1860 4657 Epis·
1893 4593 1899 4606 =

446 4694 553 4764 copus
572 4691 696 4742 servus
714 4693 898 4743 serrorum
918 4669 975 4743 dci
997 4669 1258 4744 venerabilibus
1276 4668 1449 4741 fratribus
1467 4668 1693 4742 Bracharensi
1713 4683 1750 4741 et
1762 4668 1862 4740 Ulix-

447 4775 591 4848 bonensi
617 4776 889 4873 archiepiscopis
915 4774 1066 4848 salutem
1099 4791 1135 4848 et
1161 4775 1391 4870 apostolicam
1414 4774 1708 4847 benedictionem.
1733 4776 1863 4847 Roma·

448 4905 515 4953 nus
536 4881 697 4954 Pontifex
722 4882 815 4953 beati
836 4884 933 4956 Petri
956 4880 1100 4960 celestis
1118 4883 1234 4977 Regni
1259 4882 1432 4977 clavigeri
1451 4903 1631 4953 successor
1653 4893 1689 4954 et
1710 4879 1864 4954 vicarius

449 4986 578 5061 Jcshus
618 4986 754 5062 Christi
791 5003 917 5061 cuncta
947 4988 1071 5061 mundi
1099 4986 1244 5060 climata
1271 4987 1508 5083 omniumque
1527 4987 1714 5059 nationum
1736 4984 1865 5059 inillis

448 5094 650 5191 digentium
673 5091 867 5191 qualitates
889 5108 1032 5189 patema
1055 5094 1335 5169 consideratione
1356 5092 1504 5166 discutit
1525 5106 1562 5167 et
1576 5084 1764 5165 'examinat
1783 5088 1864 5163 dili·
