5134 6450
1103 824 1187 947 69

416 1021 476 1091 no
494 991 826 1092 primo-Quibus
845 995 991 1093 quidem
1013 994 1127 1069 literis
1145 999 1197 1069 sie
1214 995 1485 1089 ut‚premititur
1510 996 1610 1067 nobis
1633 1003 1845 1094 presentatis

429 1127 512 1174 cum
536 1126 575 1175 ea
601 1126 669 1200 qua
693 1101 814 1173 decuit
836 1102 1034 1174 reverencia
1058 1128 1123 1197 per
1144 1126 1209 1175 nos
1230 1103 1381 1195 receptis
1404 1125 1468 1195 pro
1492 1118 1592 1195 parte
1610 1104 1839 1197 ejusdemdo-
1880 1106 1888 1121 ‘

343 1240 350 1247 -
430 1210 518 1280 nrfni
543 1210 655 1280 nostri
678 1210 789 1302 Regis
811 1207 946 1277 fuimns
968 1230 1050 1278 eum
1070 1207 1221 1281 dehita
1213 1208 1384 1278 instancia
1408 1209 1586 1304 requisiti,
1608 1210 1777 1306 quatinus
1799 1212 1844 1281 ad

428 1317 671 1388 executionem
695 1312 872 1384 dictarum
897 1311 1084 1385 literarum
1110 1313 1382 1408 procederemus
1406 1314 1599 1386 seeundum
1624 1314 1775 1385 formam
1805 1333 1843 1389 et

429 1438 590 1492 tenorem
614 1419 808 1492 earundem
831 1431 868 1490 et
885 1419 986 1515 justa
1011 1419 1200 1491 tradictam
1225 1441 1287 1490 seu
1310 1417 1519 1489 directam
1510 1444 1545 1488 m
1562 1419 1694 1492 eisdem
1720 1443 1738 1490 a
1763 1421 1844 1493 sede

428 1524 618 1621 apostolica
646 1522 747 1595 nobis
774 1524 940 1594 formam
975 1529 1047 1597 Nos
1075 1548 1158 1597 vero
1186 1528 1403 1596 Execntores
1429 1524 1557 1619 pr'efati
1584 1526 1657 1595 suis
1664 1525 1844 1648 ’precibus

431 1631 588 1704 inclinati
611 1629 800 1701 volentes
791 1653 828 1700 ιιι
850 1627 916 1701 hac
939 1645 1039 1725 parte
1061 1629 1204 1704 obedire
1226 1628 1374 1725 prefatis
1398 1628 1509 1701 literis
1539 1634 1578 1703 c't
1597 1633 1717 1703 verius
1744 1655 1842 1703 man·

427 1737 522 1808 datis
542 1734 743 1830 apostolicis
763 1749 801 1806 et
823 1751 1028 1809 reverenter
1051 1738 1087 1809 in
1109 1736 1240 1809 eisdem
1263 1749 1427 1806 contenta
1446 1739 1588 1833 exsequi
1613 1752 1655 1807 ut
1675 1751 1842 1809 tenemur

428 1844 638 1914 examinatis
670 1840 869 1935 deligenter
894 1866 957 1935 per
978 1865 1043 1913 nos
1065 1845 1165 1938 prius
1187 1842 1292 1913 dictis
1317 1839 1430 1913 literis
1452 1855 1493 1912 ut
1515 1856 1619 1914 tenor
1633 1849 1756 1915 earum
1770 1846 1843 1915 exi-

320 2028 322 2031 g
427 1949 520 2045 gigit
540 1960 578 2019 et
599 1947 753 2043 requirit
774 1950 987 2019 auctoritate
1008 1948 1201 2042 apostolica
1222 1946 1354 2018 nobis
1346 1971 1383 2017 m
1402 1946 1535 2020 eisdem
1555 1950 1701 2047 comissa
1705 1962 1760 2019 'et
1779 1972 1844 2041 pro

428 2054 591 2125 ulteriori
624 2062 761 2122 nostra
781 2051 1033 2126 informatione
1066 2056 1214 2128 fecimus
1241 2053 1381 2150 aliquos
1402 2067 1516 2126 certos
1537 2031 1674 2126 nobiles
1694 2067 1733 2125 et
1754 2051 1842 2125 alios

428 2159 595 2254 providos
616 2157 789 2240 discretos
811 2171 849 2230 et
871 2156 1035 2230 honestos
1061 2162 1156 2232 viros
1178 2159 1376 2253 fidedignos
1397 2173 1558 2253 expertos
1585 2173 1624 2232 et
1645 2158 1840 2254 plenariam

428 2265 473 2336 de
496 2263 676 2358 premissis
697 2265 732 2332 in
756 2263 888 2336 eisdem
913 2262 1029 2337 literis
1051 2267 1218 2338 noticiam
1248 2263 1418 2338 hahentes
1445 2287 1565 2335 coram
1589 2264 1692 2336 nohis
1712 2288 1840 2336 como·

427 2372 512 2441 cari.
546 2369 635 2440 Cnm
670 2363 794 2439 aliais
786 2394 821 2439 ιιι
849 2368 1012 2462 partibus
1045 2372 1167 2444 affrice
1194 2385 1231 2443 et
1254 2369 1480 2464 specialiter
1473 2394 1508 2439 m
1531 2393 1642 2465 regno
1665 2371 1709 2441 de
1732 2370 1784 2443 fer
1805 2386 1842 2442 et

427 2475 554 2547 eadem
587 2472 672 2544 villa
700 2473 744 2546 de
775 2478 884 2570 Copta
912 2489 950 2546 et
977 2499 1088 2568 regno
1120 2477 1278 2549 Granate
1300 2489 1338 2548 et
1361 2489 1521 2569 tempore
1543 2500 1614 2571 quo
1635 2474 1731 2547 dieta
1755 2474 1842 2548 villa

427 2581 472 2652 de
494 2583 600 2675 Cepta
623 2581 760 2652 eratin
783 2595 957 2673 potestate
981 2581 1202 2663 infidelium,
1230 2598 1267 2653 et
1295 2581 1436 2675 perdel
1460 2583 1614 2675 gratiam
1638 2595 1719 2677 post
1740 2605 1841 2653 recu-

426 2688 643 2781 perationem
666 2685 823 2780 ejusdem
846 2684 887 2754 ad
913 2685 1018 2758 fidem
1043 2702 1079 2758 et
1099 2701 1306 2780 potestatem
1327 2686 1484 2780 ejusdem
1499 2685 1635 2757 domini
1652 2687 1746 2782 regis
1760 2712 1838 2782 pre-

426 2791 491 2863 fati
514 2792 646 2886 reperti
670 2789 819 2863 fuerunt
840 2814 904 2884 pro
927 2805 1090 2885 tempore
1110 2792 1309 2865 conversari
1333 2789 1453 2861 habita
1482 2814 1546 2884 per
1568 2816 1629 2861 nos
1651 2789 1775 2862 solerti
1804 2809 1841 2864 et

425 2894 590 2991 diligenti
625 2896 852 2991 inquisitione
883 2896 1116 2992 singulariter
1143 2921 1226 2968 curn
1255 2896 1423 2990 predictis
1460 2919 1567 2989 super
1599 2898 1780 2990 premissis
1802 2899 1839 2968 in

426 3002 557 3074 eisdem
582 3000 697 3073 literis
720 2994 919 3096 apostolicis
942 3004 1116 3075 contentis
1144 3006 1226 3099 qnia
1254 3004 1454 3097 reperimus
1490 3016 1527 3073 et
1560 3002 1694 3072 fuimns
1719 3026 1762 3075 ex
1784 3026 1840 3076 eo·

427 3131 509 3179 rum
544 3107 649 3179 dictis
682 3105 888 3201 dilligenter
910 3109 999 3179 certi
1026 3123 1064 3181 et
1088 3109 1269 3180 informati
1294 3107 1385 3204 qnod
1410 3107 1531 3180 eadem
1555 3106 1639 3179 rilla
1662 3109 1705 3179 de
1729 3110 1837 3205 Gepta

427 3229 481 3286 est
504 3212 602 3286 locus
624 3227 729 3307 aptus
750 3212 1011 3287 condecendens
1032 3230 1070 3286 et
1090 3216 1249 3310 ydoneus
1273 3213 1316 3284 ad
1341 3212 1552 3309 erigendum
1582 3216 1617 3284 in
1643 3213 1839 3288 civitatem.

376 3405 378 3410 Ι
429 3323 477 3397 Et
498 3319 582 3415 quia
603 3321 711 3391 etiam
736 3321 937 3415 reperimus
959 3322 1054 3417 quod
1079 3323 1292 3418 lllesquitam
1308 3319 1466 3416 ejusdem
1483 3317 1569 3392 ville
1586 3343 1656 3416 que
1671 3345 1767 3391 nunc
1785 3337 1840 3393 est

429 3430 463 3494 in
486 3423 668 3498 ecclesiam
692 3440 807 3497 erecta
830 3440 885 3497 cst
883 3426 1039 3534 ydonea
1063 3444 1099 3500 et
1121 3426 1300 3499 sufficiens
1318 3426 1360 3497 ad
1377 3426 1614 3520 erigendum
1606 3450 1642 3496 tn
1657 3425 1839 3497 ecclesiam
1943 3431 1946 3438 ’

427 3529 675 3603 cathedralem.
699 3530 835 3602 Idcirco
858 3556 923 3602 nos
946 3525 1159 3604 auctoritate
1180 3531 1368 3628 apostolica
1392 3530 1524 3602 nohis
1515 3555 1552 3601 m
1576 3529 1641 3602 hac
1662 3546 1763 3627 parte
1782 3554 1838 3601 co·

428 3637 572 3708 missam
607 3635 804 3732 predictam
839 3634 961 3708 villam
988 3639 1032 3710 de
1053 3641 1200 3732 Cepta
1192 3662 1227 3708 m
1249 3638 1433 3708 civitatem
1455 3649 1493 3706 et
1514 3634 1697 3707 ecclesiam
1721 3635 1837 3758 predi-

284 3769 288 3776 ·
358 3803 361 3808 .
428 3758 523 3814 ctam
539 3741 626 3813 olim
644 3744 886 3838 llfesantam
878 3767 913 3812 m
928 3743 1108 3816 ecelesiam
1128 3740 1368 3836 cathedralem
1385 3763 1560 3834 erigimus
1574 3742 1839 3824 constituimus,
1956 3833 1961 3840 ι

427 3848 577 3920 facimus
603 3861 641 3918 et
667 3846 875 3919 ordinamus
901 3863 937 3922 et
965 3849 1085 3922 eadem
1114 3850 1327 3921 auctoritate
1349 3845 1567 3943 precipimus
1587 3849 1840 3919 constituimus
1940 3923 1944 3930 ,

388 3949 391 3956 ’
427 3967 464 4025 et
486 3954 693 4025 ordinamus
715 3952 911 4048 predictam
935 3954 1118 4027 civitatem
1143 3970 1181 4029 et
1202 3955 1382 4028 ecclesiam
1403 3950 1643 4026 cathedralem
1668 3969 1839 4047 perpetuo

430 4060 610 4152 Coptensis
632 4060 808 4130 nominari
836 4056 956 4132 haberi
985 4074 1023 4132 ct
1044 4063 1204 4153 reputari
1233 4074 1271 4133 et
1295 4060 1514 4131 auctoritate
1540 4059 1699 4151 predicta
1721 4058 1837 4130 cidein

428 4164 566 4234 civitati
599 4163 824 4235 concedimus
851 4178 888 4236 et
912 4165 1133 4259 assignamus
1165 4161 1338 4259 perpetuo
1361 4164 1396 4232 in
1419 4162 1644 4233 territorium
1681 4161 1835 4235 limitem

427 4269 574 4341 diocesis
605 4282 723 4339 totum
757 4292 908 4363 regnum
936 4270 980 4341 de
1008 4271 1071 4344 fer.
1100 4273 1188 4341 ltem
1217 4269 1335 4340 omnia
1362 4267 1436 4338 loca
1459 4279 1496 4340 et
1517 4268 1697 4339 territoria
1724 4270 1838 4363 magis

429 4375 623 4469 propinqua
647 4388 685 4447 ct
706 4376 875 4468 contigua
899 4378 989 4448 mari
1011 4376 1055 4449 de
1077 4397 1189 4469 regno
1210 4374 1379 4456 Granate,
1408 4370 1513 4469 qnod'
1527 4390 1678 4467 regnum
1702 4388 1740 4452 et
1762 4373 1837 4444 loca

427 4481 626 4576 reperimus
647 4504 710 4574 per
732 4481 1002 4576 inquisicionem
1026 4481 1197 4577 prefatam
1223 4481 1297 4553 fore
1319 4494 1356 4552 et
1374 4502 1449 4552 esse
1463 4480 1716 4574 propinquiora
1734 4492 1771 4549 et
1785 4481 1837 4548 vi·
1869 4561 1873 4570 ⁵

428 4585 559 4657 cinicra
584 4586 698 4658 eidem
721 4587 863 4657 civitati
880 4602 919 4660 et
937 4586 1138 4660 decenciora
1160 4589 1195 4659 in
1213 4586 1369 4683 ejusdem
1391 4584 1615 4656 territorium
1636 4583 1835 4656 terminum

428 4691 575 4763 diocesis
596 4705 634 4762 et
656 4691 823 4765 limitem.
847 4693 929 4767 Ideo
950 4695 1161 4767 auctoritate
1194 4694 1350 4788 predicta
1383 4689 1606 4771 mandamus,
1632 4689 1837 4771 statuimus

305 4849 312 4864 .
429 4797 652 4869 concedimus
683 4810 722 4869 et
754 4798 972 4882 ordinamus,
994 4800 1088 4900 quod
1103 4799 1232 4872 eadem
1255 4799 1379 4869 civitas
1398 4809 1438 4868 et
1460 4795 1603 4868 ecelesia
1625 4791 1839 4866 cathedralis

429 4902 583 5006 ejusdem
607 4901 769 4996 deinceps
790 4917 826 4974 et
848 4906 882 4975 in
905 4921 1117 5002 perpetuum
1142 4906 1319 5026 gaudeant
1340 4916 1376 4974 et
1397 4901 1551 4997 gaudere
1570 4899 1705 4994 possint
1724 4902 1837 4972 omni·

430 5009 495 5079 bus
517 4995 725 5128 privilegiis,
746 5012 885 5128 gratiis,
908 5010 1135 5086 libertatibus
1156 5026 1193 5084 et
1212 5009 1375 5103 insigniis
1397 5006 1583 5104 quibusvis
1605 5003 1684 5077 aliis
1706 5007 1837 5079 eisdem

432 5112 593 5208 partibus
624 5113 802 5206 contiguis
831 5115 1038 5189 civitatibus
1069 5134 1106 5191 et
1136 5117 1292 5191 eeclesiis
1326 5110 1589 5186 cathedralibus
1622 5111 1688 5185 sub
1719 5124 1839 5183 sancte
