5134 6450
1423 803 1507 931 ue

758 980 912 1079 byteris,
942 972 1106 1062 Cleriois,
1139 976 1311 1059 Notariis,
1337 987 1375 1050 et
1400 969 1667 1051 tabellionibus
1699 970 1864 1073 publicis·
1881 973 2171 1078 quibuscumque.

759 1110 824 1183 per
841 1089 1007 1161 'civitates
1031 1098 1068 1158 et
1090 1083 1271 1158 Dioeceses
1298 1080 1509 1178 praedictas,
1536 1095 1576 1156 et
1599 1079 1681 1154 aliis
1702 1080 1861 1157 ubilibet
1874 1081 2093 1170 conmutatis,
2116 1096 2172 1159 te·

755 1217 844 1268 nore
865 1193 1105 1287 praesentium
1125 1187 1284 1285 plenarie
1304 1190 1551 1262 commitimus
1574 1186 1696 1261 literas
1717 1201 1879 1273 nostras,
1905 1187 2014 1263 dmec
2038 1210 2098 1264 eas
2121 1190 2171 1263 ad

756 1322 821 1370 nos
840 1298 1049 1371 duxerimus
1070 1294 1306 1376 revocandas,
1332 1313 1493 1393 quosque
1519 1307 1700 1368 eteorum
1723 1292 1926 1394 quemlibet
1940 1297 2168 1394 ⁴requirimus

759 1417 1007 1487 etmonemus,
1026 1402 1158 1511 primo,
1176 1396 1473 1482 emundemus
1489 1413 1528 1475 et
1545 1402 1799 1497 peremptorie,
1814 1401 1971 1498 ipsisque
1992 1415 2167 1476 eteorum

627 1564 637 1574 .
755 1507 934 1583 cuilibet
922 1534 960 1581 ιιι
981 1504 1118 1581 virtute
1141 1520 1283 1580 sancme
1304 1503 1524 1579 obedientiae
1544 1518 1582 1580 et
1603 1504 1671 1577 snb
1691 1507 2067 1580 excommunicationis
2087 1530 2171 1604 poc·

756 1639 825 1699 na,
852 1632 986 1740 quam
989 1616 1027 1687 in
1054 1637 1113 1689 cos
1138 1628 1177 1687 et
1203 1634 1328 1686 eorum
1362 1607 1584 1710 quemlibet,
1612 1613 1643 1683 si
1664 1632 1704 1687 ea
1727 1632 1817 1713 quae
1841 1612 1896 1687 eis
1918 1613 1956 1685 in
1977 1609 2045 1686 bac
2067 1627 2169 1711 parte

757 1713 1021 1796 committimus
1041 1735 1078 1795 et
1100 1720 1323 1813 mandamus,
1346 1716 1571 1841 neglexerint
1596 1720 1853 1794 conmmaniter
1878 1716 2096 1827 adimplere3
2124 1734 2171 1793 ex

754 1852 851 1901 nunc
878 1842 987 1925 prout
1013 1852 1057 1903 ex
1083 1841 1173 1899 tune
1206 1824 1393 1898 ierirnus
1383 1849 1419 1896 m
1447 1820 1508 1895 bis
1528 1824 1694 1922 seriptis,
1726 1822 1905 1903 districte
1918 1826 2168 1922 pnecipicndo

756 1933 978 2037 mandamus,
1002 1926 1180 2056 quatenus
1204 1930 1295 2002 ιιιιι
1317 1953 1379 2003 sex
1398 1928 1474 2004 diet
1494 1944 1576 2026 poet
1595 1929 1875 2028 publicationem
1895 1944 1935 2003 et
1956 1931 2169 2005 notificatio·

753 2062 837 2114 nem
870 2030 1112 2161 praesentium
1146 2038 1230 2134 ipsis
1264 2059 1326 2110 seu
1359 2058 1483 2109 ιοιιιιι
1516 2035 1622 2111 alteri
1649 2037 1759 2110 iactas
1785 2035 1992 2109 immediate
2018 2052 2170 2136 sequen·
2233 2123 2238 2131 ,

754 2162 822 2232 ιιι,
845 2170 952 2245 quem
977 2147 1177 2219 terminum
1198 2145 1249 2216 eis
1271 2158 1310 2217 ιι
1331 2164 1455 2215 eorum
1476 2140 1629 2217 cuilibet
1648 2162 1717 2239 pro
1741 2144 1874 2239 primo,
1886 2141 2065 2228 seeundo,
2092 2154 2168 2216 ter·

752 2254 802 2323 tia
825 2266 863 2325 et
884 2252 1125 2348 peremptorio
1146 2251 1301 2323 termino
1322 2271 1366 2321 ac
1384 2249 1584 2324 monitione
1604 2250 1771 2322 canoniea
1790 2246 2039 2344 assignamus,
2065 2272 2169 2347 prae·
2296 2236 2308 2263 ⁸

753 2357 844 2429 latas
866 2357 989 2431 literas
1011 2354 1232 2451 Apostolioas
1259 2355 1489 2439 executorias,
1517 2369 1555 2429 et
1577 2368 1779 2452 praesentes
1798 2368 1937 2428 nosnos
1959 2376 2171 2449 processus,

753 2487 794 2535 ac
815 2467 851 2535 in
875 2464 926 2536 eis
947 2477 1126 2544 contenta,
1150 2460 1266 2532 valtis
1288 2460 1464 2533 dictarum
1491 2472 1530 2534 et
1546 2460 1699 2534 aliarum
1718 2460 1928 2546 civitatum,
1946 2458 2167 2536 ae'loeotum

614 2614 620 2639 ι
753 2568 978 2652 ricinonrm,
1004 2567 1067 2639 ubi
1095 2568 1175 2637 tute
1202 2566 1279 2641 lieri
1307 2566 1466 2660 poterit,
1491 2564 1554 2638 abi
1582 2566 1726 2665 qnando
1744 2580 1783 2639 et
1804 2568 1970 2664 quotiens
1997 2568 2168 2662 requisiti
2279 2645 2281 2649 ‚

752 2674 901 2758 fuerint,
927 2687 991 2745 aut
1011 2671 1105 2745 alter
1131 2695 1255 2744 eorum
1283 2669 1396 2744 fuerit
1422 2672 1642 2770 requisitus,
1670 2669 1998 2745 communiterve}
2018 2672 2166 2746 divisim

751 2781 934 2862 intiment,
958 2778 1091 2874 legant,
1113 2776 1276 2874 affigant,
1298 2776 1497 2872 publicent,
1517 2791 1555 2851 et
1569 2779 1769 2865 insinuent,
1788 2775 1888 2852 etad
1906 2784 2168 2855 nostrorumst

752 2884 904 2957 aliorum
927 2907 1242 2982 quorumcumque
1270 2882 1404 2958 Christi
1431 2882 1593 2958 fidelium
1622 2886 1662 2957 in
1683 2899 1846 2957 materna
1876 2876 1999 3007 lingua
2020 2898 2058 2959 et
2079 2884 2167 2959 alias

751 3005 860 3084 prout
882 2989 1010 3066 melius
1031 3003 1217 3084 poterunt,
1238 3003 1427 3085 exponant,
1453 3002 1491 3063 et
1513 2988 1579 3063 alia
1594 2993 1793 3088 praemisse
1820 2991 2027 3066 executione
2048 2989 2170 3065 debite

751 3096 976 3169 demandent.

861 3203 940 3274 20
966 3205 1026 3276 ET
1054 3201 1395 3277 NICHILOMINUS
1426 3204 1546 3277 omnia
1577 3149 1647 3276 alia
1672 3218 1711 3277 et
1738 3202 1878 3301 singulis
1905 3199 2011 3276 nobis
2033 3204 2072 3276 in
2099 3136 2172 3278 liae
2255 3283 2258 3288 ,

752 3315 854 3402 parte
880 3310 1089 3380 commissa
1098 3305 1257 3403 plenarie
1284 3323 1508 3407 exequantur
1530 3305 1634 3407 juxta
1661 3310 1833 3402 traditam
1859 3333 1922 3385 seu
1943 3308 2159 3385 directam
2145 3337 2167 3384 a
2202 3327 2206 3332 '

750 3413 839 3485 Sede
861 3412 1065 3508 Apostolica
1087 3412 1188 3486 uobis
1210 3413 1386 3486 sormam:
1416 3416 1465 3487 ιιι
1488 3429 1607 3490 tamen
1631 3417 1761 3515 qnod
1750 3419 1818 3514 rpsi
1845 3415 2065 3514 subdelegati
2087 3441 2166 3491 nos-
2254 3436 2262 3450 ·

750 3521 813 3602 tri,
836 3518 892 3592 vel
914 3518 1007 3594 alter
1030 3543 1171 3605 eorum,
1194 3533 1258 3592 aut
1279 3522 1498 3619 quicumque
1520 3522 1614 3595 nlius
1633 3521 1745 3596 nichil
1771 3524 1806 3595 in
1828 3520 2087 3621 praejudicium
2110 3525 2166 3596 di·

749 3638 892 3697 ciorum
916 3627 1156 3699 Dominorum
1187 3628 1367 3722 Episcopi,
1392 3628 1535 3712 necant,
1558 3643 1595 3703 et
1617 3627 1789 3725 Gapimli,
1812 3629 1952 3703 valeant
1973 3642 2166 3725 attempta-

747 3754 808 3802 re·
838 3751 903 3806 nec
933 3733 968 3803 in
994 3731 1219 3829 processibus
1250 3733 1382 3805 nostris
1416 3732 1620 3830 hujusmodi
1647 3749 1685 3809 et
1704 3737 1891 3809 sententiis
1910 3759 1975 3832 ρει
1996 3759 2062 3807 nos
2085 3734 2170 3807 latis

699 3839 703 3845 '
748 3835 959 3911 absolvendo
982 3838 1040 3912 tel
1063 3837 1305 3931 suspendendo
1323 3836 1508 3960 aliquid
1496 3856 1705 3914 immutare
1733 3843 1832 3914 Etsi
1853 3842 1947 3913 ferte
1967 3842 2168 3936 contingat,

746 3959 811 4011 nos
839 3943 873 4012 in
903 3941 1025 4040 abque
1057 3933 1166 4036 sirper
1197 3943 1400 4036 praemissis
1431 3945 1634 4037 procedere,
1662 3946 1707 4015 de
1731 3967 1805 4041 quo
1824 3943 1929 4016 nobis
1948 3957 2162 4067 potestatem

747 4046 988 4119 omnimodam
1012 4068 1248 4132 reservamus,
1275 4070 1345 4120 non
1369 4047 1591 4122 intendimus
1618 4063 1766 4171 ριοριιι
1788 4049 1856 4122 boc
1877 4051 2165 4125 commissionem

744 4167 904 4224 nostram
929 4143 1168 4251 hujusmodi
1158 4178 1195 4224 m
1217 4150 1361 4251 aliquos
1385 4176 1568 4239 revocare,
1595 4155 1664 4229 nisi
1685 4155 1730 4229 de
1751 4157 1970 4230 revocatione
1992 4158 2065 4251 ipsa
2088 4168 2167 4253 spe

744 4256 873 4330 cialem
894 4275 931 4333 et
952 4282 1155 4355 expressam
1178 4261 1217 4332 in
1237 4262 1369 4333 nostris
1387 4259 1577 4335 fecerimus
1594 4261 1713 4334 literis
1731 4263 1965 4336 mentionem
1982 4264 2049 4337 Per
2068 4261 2168 4337 bunc

745 4365 864 4437 antem
888 4378 1053 4437 nostrum
1076 4387 1278 4461 processum
1302 4359 1481 4453 sommus,
1501 4391 1566 4442 nec
1585 4366 1806 4441 intendimus
1824 4369 1969 4452 nostris,
1988 4368 2023 4440 in
2043 4368 2167 4466 aliquo

742 4469 1006 4569 praejudicium
1028 4470 1200 4566 collegis,
1220 4473 1426 4569 quominus
1440 4474 1509 4568 ipsi
1530 4472 1590 4548 tel
1606 4495 1735 4547 eorum
1759 4473 1870 4559 alter,
1883 4478 2026 4548 servate
2039 4487 2161 4549 tamen

742 4573 811 4648 boc
832 4590 954 4649 nostro
978 4599 1173 4672 processu,
1200 4577 1338 4673 possint
1360 4592 1401 4649 et
1424 4577 1598 4652 ralmnt
1587 4605 1625 4651 ιιι
1647 4578 1853 4677 hujusmodi
1875 4581 2020 4676 negotio
2042 4602 2163 4677 proce·
2213 4615 2220 4626 =
2326 4553 2359 4590 ⁸
2423 4643 2429 4650 .

742 4680 849 4766 dere,
876 4698 988 4777 prout
1008 4683 1096 4779 ipsis
1116 4680 1176 4756 rel
1196 4705 1321 4756 eorum
1351 4681 1455 4757 alteri
1478 4686 1610 4758 nissum
1640 4684 1752 4759 suerit
1778 4683 1957 4798 expedire.
1983 4683 2162 4760 Praefatae

742 4807 882 4884 queque
903 4787 1027 4862 literas
1048 4787 1297 4883 Apostolieus,
1316 4804 1360 4863 et
1382 4787 1477 4863 bunc
1498 4806 1664 4863 nostrum
1686 4813 1890 4887 processum
1913 4791 2081 4865 velumus
2104 4817 2162 4890 pe·

739 4909 801 4963 nes
824 4898 923 4966 Duos
950 4893 1169 4991 Episcopum
1203 4894 1435 4982 Tudmsem,
1459 4901 1641 4974 ιιιιιιιιιιι
1664 4910 1704 4969 et
1722 4896 1930 4995 Capitulum
1956 4899 2074 4974 dictae
2095 4902 2169 4971 ιιι

739 4994 865 5071 elesius
885 4999 1060 5074 tudensis
1081 5023 1149 5096 pro
1169 5011 1345 5123 tempore,
1374 5002 1432 5074 rel
1456 5023 1580 5076 ιιιιιιιι
1607 5018 1868 5099 procuratores,
1893 5011 2101 5080 remanere:
2125 5018 2164 5076 et

737 5126 806 5176 uon
830 5121 894 5202 ριι
916 5128 990 5194 ros,
1012 5121 1077 5180 aut
1098 5108 1265 5208 ιριειιιιιι
1273 5095 1416 5196 aliurn,
1434 5121 1563 5184 contra
1587 5111 1748 5210 ipsorum
1767 5110 1994 5190 voluntatem
2015 5131 2171 5210 quomo*
