5134 6450
381 972 517 1055 delibet
534 973 705 1058 detinni.
726 972 854 1049 urtde
875 968 963 1047 lonis
983 807 1123 1070 ιιιιὶιιθιιι1
1141 970 1344 1071 hujusmodi
1366 996 1550 1071 moremus
1569 973 1792 1073 affigantur.

381 1080 651 1179 quomodolibet
668 1081 834 1156 detineri.
859 1077 1068 1165 Mondamus
1087 1094 1208 1153 mnsen
1229 1080 1341 1165 vobis,
1362 1095 1403 1154 et
1420 1079 1500 1153 aliis
1521 1103 1679 1177 quomm
1700 1084 1800 1161 inte,
1821 1166 1828 1170 ⁸

380 1201 469 1274 reat
490 1186 794 1312 capiendusne
815 1186 1016 1285 psesnimis
1043 1188 1155 1282 ipsum
1178 1185 1393 1281 petentibus,
1420 1201 1458 1262 et
1480 1184 1608 1262 babens
1632 1188 1798 1267 debenti.
1899 1190 1904 1197 ’

381 1290 472 1378 bus.
500 1295 700 1391 potentian
724 1292 872 1415 quidem
897 1290 1105 1390 sumptibus
1124 1305 1163 1366 et
1183 1294 1356 1389 expensis.
1379 1293 1609 1370 Contrarium
1635 1295 1792 1369 verosa·

381 1401 542 1485 omnmo.
551 1400 719 1496 praefatis
739 1401 874 1477 nostris
897 1399 1098 1484 sententiis,
1126 1413 1236 1494 prout
1255 1400 1294 1472 in
1315 1401 1462 1495 seriptis
1482 1398 1574 1473 latse
1595 1414 1696 1486 must,
1715 1402 1799 1497 ipso

380 1505 477 1581 facto
498 1504 666 1580 rolumm
692 1505 883 1629 subissem
910 1503 1185 1579 Absolutionem
1211 1529 1296 1580 sero
1321 1509 1484 1579 omnium
1507 1519 1555 1581 et
1566 1505 1793 1603 singulorum

381 1615 676 1705 preemimornm
694 1615 761 1713 qui
782 1608 956 1709 mnefrtss
976 1624 1114 1685 nostras
1134 1615 1327 1687 smtentim
1342 1610 1400 1686 vel
1417 1633 1543 1686 earum
1560 1610 1748 1711 aliquam
1739 1638 1791 1685 ιιι·

382 1721 575 1804 currerint,
595 1743 658 1794 seu
675 1718 887 1805 incurrerit
904 1716 1157 1816 quoquomodo
1172 1717 1284 1849 nobis,
1302 1715 1361 1791 vel
1379 1717 1554 1815 superiori
1574 1732 1696 1797 nostro
1714 1732 1800 1813 tans,

381 1824 572 1901 urmmodo
591 1848 824 1901 mereamus.

310 1950 314 1955 ’
489 1933 537 2005 21
595 1933 728 2007 LOCA
746 1953 831 2004 rero
851 1930 1054 2004 audientius
1074 1928 1248 2027 publicae,
1272 1957 1313 2006 ac
1334 1929 1534 2017 valvarum,
1562 1945 1602 2006 st
1628 1929 1802 2005 hemum.

381 2033 660 2132 praedictorum,
683 2050 869 2133 tamquam
891 2034 1035 2135 publius
1055 2051 1094 2110 et
1107 2037 1231 2111 idonee
1249 2039 1294 2112 ad
1313 2059 1497 2135 processus
1514 2051 1653 2111 nostros
1670 2036 1804 2135 hujus.

381 2140 481 2215 modi
503 2141 741 2238 publioersdou
763 2142 935 2217 dommus
954 2141 1117 2240 eligenda
1133 2142 1206 2216 nd
1196 2160 1311 2217 instar
1330 2142 1530 2219 edictorum
1550 2143 1791 2263 publicorum,

382 2270 473 2346 quaa
493 2247 615 2324 olim
604 2274 643 2321 ιιι
664 2248 760 2324 albo
783 2252 1060 2323 Pmounmsum
1078 2248 1338 2335 scribebnntur
1357 2262 1400 2322 ut
1418 2272 1482 2346 per
1500 2250 1659 2346 ipsorum
1679 2247 1805 2345 inope.

382 2357 540 2431 ctionem
560 2368 599 2429 st
619 2354 792 2431 locustum
813 2357 954 2429 cunctis
975 2355 1063 2428 fiant
1084 2356 1282 2433 mmitssts
1312 2353 1511 2430 volentes
1501 2355 1616 2450 1gimr
1635 2370 1676 2429 as
1694 2354 1801 2428 dicta«

382 2463 598 2560 auctoritate
619 2460 823 2559 Apostolios
844 2461 1084 2546 deffluentes,
1109 2462 1207 2559 quod
1233 2462 1323 2536 dicti
1345 2461 1460 2534 nostri
1483 2485 1666 2556 processus
1686 2459 1793 2532 modo

383 2583 422 2642 et
435 2551 557 2643 forma
582 2566 712 2664 quibus
737 2590 845 2663 supro
870 2565 1042 2662 publicsti
1063 2568 1348 2661 proscominstos
1370 2571 1542 2641 Joonnem
1565 2565 1730 2648 Aliensi,
1755 2579 1806 2638 et.

382 2673 472 2747 ulios
493 2672 670 2755 Cierium..
679 2673 862 2755 Reotmes,
882 2671 1054 2755 Abbates,
1074 2674 1227 2755 Priores,
1247 2672 1465 2754 Abbatissss.
1485 2673 1683 2757 Priorissss,
1703 2675 1803 2747 Con.

383 2794 525 2864 ventus,
549 2777 697 2854 clerum
718 2792 755 2852 et
775 2776 951 2874 populum
971 2775 1088 2851 dictae
1116 2779 1292 2852 Dioenesis
1312 2776 1497 2862 Tudernis,
1519 2802 1560 2849 sc
1579 2777 1667 2851 alios
1688 2800 1795 2875 quos·

383 2909 541 2984 cumque
556 2885 630 2983 jsm
650 2883 765 2956 somn
782 2883 950 2968 intrusos,
970 2878 1026 2956 rel
1045 2883 1277 2978 imposterum
1303 2881 1533 2957 intendendos
1554 2884 1591 2955 in
1612 2881 1794 2958 Adnu'nis·
1836 2880 1841 2887 ’

383 2993 561 3075 snmus,
588 2988 957 3074 Arnbidiaonntibm
983 2990 1267 3074 Csnonientibus.
1296 2990 1489 3074 Beneficiis,
1511 3002 1550 3062 et
1570 2986 1650 3061 aliis
1669 3011 1794 3084 suprs-
1803 3050 1808 3055 .

383 3099 504 3182 dicus,
521 3111 565 3170 us
583 3095 797 3218 munerun,
818 3096 1061 3180 emunctores,
1080 3111 1304 3193 aggravatos
1325 3107 1586 3191 suggentes,
1608 3110 1650 3171 et
1663 3118 1793 3170 eornm

385 3201 635 3305 φιοιιιΙίιιοι
607 3227 660 3276 sse
684 3216 802 3278 arent
827 3214 866 3276 et
890 3196 1080 3298 astringat,
1105 3225 1147 3276 ac
1169 3204 1198 3275 si
1222 3205 1257 3276 in
1282 3204 1440 3325 ipsorum
1464 3201 1663 3298 prementia
1686 3199 1795 3273 iidem

141 3365 147 3374 .
232 3291 237 3296 ⁴
385 3333 569 3433 procusos
588 3292 673 3384 lecti
693 3309 846 3385 fuissent
866 3323 905 3384 et
925 3308 1113 3406 pmucsti
1131 3332 1215 3386 curs
1234 3333 1304 3384 non
1318 3310 1367 3382 sit
1381 3307 1574 3383 verisimile
1588 3306 1713 3403 apud
1704 3330 1800 3399 ipsos

385 3419 437 3498 sic
464 3416 714 3499 denuntiatos,
740 3429 952 3512 aggravatos
978 3430 1016 3489 et
1043 3430 1306 3511 resggravatos,
1335 3437 1519 3489 remanere
1546 3413 1809 3509 incognitum..

389 3522 484 3622 quod
506 3535 581 3593 tam
604 3534 768 3614 patenter
789 3535 826 3595 et
847 3522 986 3594 notorie
1007 3520 1174 3593 omnibus
1197 3523 1320 3594 estitit
1341 3517 1581 3617 publicatum.
1851 3569 1854 3576 ·

498 3629 547 3701 22
602 3628 651 3699 ΙΝ
668 3626 872 3718 QUORUM
888 3625 1051 3701 omnium
1069 3639 1108 3700 et
1121 3625 1351 3720 singulorum
1370 3625 1479 3697 iidem
1497 3639 1533 3696 et
1547 3622 1797 3697 testimonium

388 3733 681 3831 praemissorum,
702 3744 902 3825 praesentes
922 3727 1057 3814 literas.
1078 3746 1116 3804 et
1136 3730 1415 3803 huncnostrum
1433 3751 1635 3825 processum
1654 3726 1808 3804 exinde.

374 3841 482 3926 lieri,
503 3852 540 3913 et
556 3860 621 3934 per
638 3837 826 3910 Notarium
845 3833 1032 3931 publicum
1050 3835 1320 3933 infrascriptum
1342 3834 1518 3920 subscribi
1538 3833 1799 3914 mandavimus,

388 3946 576 4041 nostrique
592 3939 702 4039 sigilli
717 3943 888 4039 jussimus
904 3943 1115 4037 appensione
1133 3941 1363 4018 communiri.
1384 3945 1518 4014 Datum
1538 3953 1575 4014 et
1593 3954 1715 4012 actum
1729 3939 1800 4013 Ro·

390 4071 471 4122 mae
490 4050 528 4119 iu
549 4048 656 4119 domo
677 4045 906 4117 habitationis
928 4061 1069 4121 nosmse
1089 4043 1156 4118 sub
1177 4070 1270 4132 enno
1292 4041 1313 4117 i
1336 4048 1532 4118 Nativitate
1552 4045 1698 4116 Domini
1717 4042 1800 4114 mil-

263 4155 271 4161 “
359 4154 515 4234 ΙΙεεὶιιιο
537 4149 889 4249 quadringentesimo
917 4151 1084 4223 vicesimo
1110 4152 1231 4223 tertio.
1265 4149 1462 4222 Indictione
1483 4152 1614 4243 prima,
1636 4147 1695 4221 die
1716 4170 1848 4221 vero.
1991 4165 2002 4184 ·

273 4324 275 4332 ,
390 4260 559 4332 vicesima
578 4256 685 4329 tertia
708 4257 839 4329 mensis
865 4255 1039 4339 ianuarii,
1067 4255 1295 4328 Pontificatus
1320 4254 1470 4350 praefati
1499 4254 1572 4328 nni
1593 4252 1710 4325 nostri
1736 4255 1799 4325 Pa·

262 4441 266 4452 ,
389 4387 457 4460 pse
477 4361 625 4437 Martini
645 4362 770 4454 Quinti
792 4384 884 4434 anno
905 4373 1014 4433 sexto.
1035 4359 1279 4434 Praesentibus
1298 4358 1430 4454 ibidem
1450 4357 1667 4434 Reverendis
1685 4358 1799 4432 Patri·

334 4455 339 4468 ’
391 4469 458 4541 bus
480 4467 643 4542 Dominis
662 4471 795 4540 loanne
815 4465 860 4539 de
882 4464 1054 4551 Fabreoa,
1081 4463 1195 4538 electo
1216 4464 1426 4550 confirmato
1450 4464 1628 4538 Ecclesiae
1649 4468 1799 4538 Inseur·

391 4572 636 4657 remissiori
658 4569 782 4645 Palatii
802 4595 990 4645 causarum
1012 4569 1210 4665 Apostolici
1230 4570 1537 4655 auditoressrane
1560 4567 1738 4643 bernardo
1755 4567 1801 4642 de
1943 4573 1948 4580 ’

393 4684 521 4775 Ruppe
543 4677 688 4753 Ordinis
710 4678 890 4751 Minorem
917 4679 954 4748 in
975 4679 1079 4750 Sacra
1107 4674 1300 4770 Theologia
1327 4677 1514 4772 Magistro,
1536 4689 1574 4750 et
1595 4676 1734 4746 loanue
1757 4672 1802 4747 de

393 4788 552 4880 Campo,
579 4781 717 4856 Clerico
744 4782 944 4858 leodiensis
970 4782 1170 4865 Dioecesis,
1197 4780 1365 4855 familiari
1393 4797 1538 4865 nostro,
1566 4776 1730 4854 Testibus
1755 4777 1801 4852 ad
1931 4783 1937 4788 ’

392 4889 585 4987 praemissa
606 4887 737 4962 vocatis
758 4887 971 4983 specialiter,
994 4901 1032 4960 et
1053 4889 1198 4986 rogatis.

747 5055 1388 5198 ..(Signair'c.snstadllotasr's.)
1528 5204 1575 5277 12
1700 5181 1703 5188 ,
