5134 6450
1420 786 1506 914 98

1393 1172 1457 1261 N?
1481 1173 1518 1255 t.

743 1500 855 1595 Me
876 1502 918 1577 de
940 1504 1085 1577 Nicolau
1104 1506 1154 1589 V,
1177 1506 1231 1577 Ex
1249 1503 1417 1580 clementi
1436 1502 1640 1600 provisioni,
1659 1502 1701 1575 de
1722 1508 1742 1579 5
1763 1504 1805 1576 de
1826 1510 1958 1606 Agosto
1975 1508 2016 1579 de
2041 1508 2154 1590 1452,

818 1608 905 1714 pelo
927 1613 1017 1717 qual
1029 1610 1218 1707 confirmor
1237 1638 1260 1685 a
1279 1619 1385 1686 uniuo
1402 1638 1421 1684 e
1439 1610 1647 1713 applicueris,
1666 1636 1734 1714 que
1751 1637 1771 1685 o
1789 1615 1897 1717 Papa
1916 1616 2077 1715 Eugenio
2095 1619 2157 1691 W

767 1748 771 1753 ·
824 1720 925 1794 davia
936 1720 1034 1819 seito
1059 1744 1103 1793 no
1129 1722 1278 1826 Bispodo
1300 1721 1342 1794 de
1363 1724 1487 1818 Geato
1513 1718 1578 1791 das
1598 1719 1729 1793 rendae
1744 1736 1993 1822 percensentes
2013 1748 2057 1796 oo
2078 1726 2153 1798 Bis·

819 1828 918 1931 pado
936 1828 978 1901 de
996 1829 1160 1932 Badujoz,
1180 1857 1246 1935 quc
1264 1846 1417 1903 asturam
1434 1854 1481 1903 no
1499 1831 1609 1901 Reino
1626 1826 1667 1900 de
1687 1830 1876 1928 Portugal,
1896 1854 1995 1935 eque
2013 1830 2055 1904 clo
2067 1859 2153 1906 mes·
2177 1882 2179 1885 -
2297 1894 2303 1905 .

826 1960 881 2009 mo
903 1936 1054 2041 Bipado
1074 1938 1173 2011 aaa
1195 1937 1449 2013 desnzembrado
1469 1963 1490 2010 o
1510 1935 1580 2009 dito
1603 1940 1719 2038 Papa.

743 2158 809 2332 N
811 2258 938 2333 ioolaus
960 2262 1150 2359 Episcopus
1170 2264 1299 2336 Servus
1319 2265 1508 2337 Servorum
1529 2261 1607 2361 Dei.
1633 2261 1690 2334 Ad
1711 2275 1921 2357 perpetuum
1942 2264 1991 2335 rei
2013 2286 2149 2347 memo·

694 2400 699 2403 -
742 2367 848 2440 riam.
872 2369 1112 2443 Ex'ciementi
1131 2370 1329 2465 provisione
1346 2370 1437 2442 sedis
1456 2366 1664 2463 apostolicae
1682 2392 1815 2442 necnon
1835 2366 2148 2442 ecclesiasticarum

744 2479 933 2569 presertim
962 2477 1151 2572 pontificali
1175 2478 1349 2572 dignitate
1381 2476 1602 2571 preditarum
1637 2500 1866 2571 personarum
1900 2475 2085 2551 devotione
2112 2493 2148 2550 et

744 2583 885 2654 meritis
908 2586 1069 2656 noscitur
1090 2586 1275 2679 provenire
1297 2599 1339 2656 ut
1359 2585 1540 2658 Romanus
1567 2583 1726 2656 Pontifex
1749 2583 1960 2680 quaudoque
1983 2606 2001 2654 a
2024 2582 2167 2680 prede?

742 2688 936 2761 censoribus
957 2692 1029 2763 suis
1049 2693 1218 2763 Romanis
1239 2690 1468 2786 pontificibus
1490 2691 1526 2762 in
1548 2713 1778 2787 personarum
1800 2689 1990 2762 earundem
2009 2715 2049 2764 ac
2068 2691 2146 2764 illa·

742 2819 826 2868 rum
848 2796 1077 2871 ecclesiarum
1100 2798 1255 2872 savorem
1278 2798 1505 2870 commodum
1527 2813 1565 2872 et
1584 2797 1744 2871 utilitate
1771 2813 1869 2892 gesta
1897 2797 2005 2869 etiam
2033 2799 2077 2871 ab
2104 2825 2145 2873 eo

740 2918 860 2998 postea
882 2921 1045 2979 revocata
1066 2906 1269 2980 corroboret
1291 2920 1328 2980 et
1349 2906 1536 2980 confirmet
1555 2929 1685 2978 necnon
1709 2921 1750 2977 ut
1767 2904 1926 2979 debitum
1948 2907 2146 2979 sortiantur

741 3009 903 3084 effectum
928 3037 1029 3110 opem
1052 3030 1089 3088 et
1109 3038 1252 3110 operam
1275 3012 1449 3110 impendit
1466 3013 1634 3089 efficaces.
1655 3013 1799 3086 Dudum
1819 3010 1993 3111 siquidem
2014 3038 2077 3109 per
2098 3015 2115 3086 s
2131 3058 2145 3071 ·

742 3115 819 3190 licis
841 3121 1090 3193 recordationis
1112 3124 1313 3218 Eugenium
1336 3145 1460 3217 papam
1483 3135 1649 3219 quartum
1677 3120 1955 3217 predecessorem
1982 3136 2143 3194 nostrum

741 3242 882 3323 accepto
905 3229 1013 3326 quod,
1037 3228 1120 3303 licet
1141 3230 1226 3302 olim
1250 3229 1335 3300 dum
1358 3230 1492 3302 Civitas
1512 3229 1693 3323 Cepteusis
1711 3254 1774 3324 per
1793 3227 1935 3301 inclitae
1955 3232 2144 3304 memoriae

741 3332 938 3409 Johannem
963 3325 1185 3432 Portugaliae
1208 3352 1243 3410 et
1265 3336 1429 3432 Algarbii
1454 3339 1587 3433 Regem
1611 3334 1782 3408 altissimo
1804 3336 2008 3431 disponente
2026 3336 2071 3408 ab
2090 3340 2143 3409 in·

741 3441 898 3515 fidelium
921 3447 1193 3518 sarracenorum
1217 3443 1399 3516 christiani
1420 3446 1573 3516 nominis
1595 3444 1820 3540 inimicorum
1845 3468 1908 3538 per
1930 3467 2018 3541 quos
2041 3468 2143 3519 occu·

738 3564 825 3650 pata
842 3550 1067 3625 detinebatur
1094 3567 1266 3648 potestate
1293 3566 1428 3625 armata
1455 3575 1559 3624 manu
1583 3566 1702 3647 erepta
1725 3551 1843 3624 suerat
1865 3552 1901 3622 in
1925 3550 1984 3622 illa
2007 3568 2142 3647 aposto·

740 3656 805 3729 lica
826 3659 918 3731 sedis
939 3661 1152 3732 auctoritate
1173 3660 1216 3731 ad
1242 3659 1382 3733 laudem
1407 3659 1516 3755 ipsius
1538 3655 1557 3731 a
1580 3684 1651 3757 quo
1672 3674 1799 3732 cuncta
1828 3657 1918 3730 bona
1946 3659 2140 3756 procedunt

740 3779 778 3836 et
798 3780 999 3839 sanctorum
1022 3770 1183 3839 omnium
1207 3766 1274 3841 sub
1296 3766 1465 3839 vocabulo
1484 3767 1704 3842 beatissimae
1721 3767 1777 3839 dei
1797 3767 1981 3863 genitricis
2003 3790 2141 3863 semper

738 3872 887 3967 virginis
909 3877 1042 3947 Mariae
1063 3874 1203 3947 ecclesia
1224 3871 1415 3968 pontificali
1443 3874 1576 3946 honore
1598 3874 1765 3945 adornata
1792 3898 1876 3943 cnm
1904 3871 2075 3945 altaribus
2101 3900 2140 3947 ac

736 3979 878 4075 juribus
898 3995 935 4054 et
957 3982 1119 4076 insigniis
1144 3978 1415 4056 Cathedralibus
1436 3981 1594 4052 intitutis
1613 3979 1649 4050 in
1667 4002 1707 4051 ea
1726 3978 1987 4054 canonicatibus
2004 3994 2041 4053 et
2060 4005 2139 4076 pre·

740 4086 861 4161 bendis
882 4088 1117 4187 dignitatibus
1138 4086 1382 4186 personatibus
1401 4085 1763 4183 administrationibus
1786 4085 1910 4158 officiis
1928 4103 1964 4159 et
1981 4086 2060 4159 aliis
2080 4088 2143 4182 be·⁸

738 4195 871 4268 neiiciis
892 4197 1133 4270 ecclesiasticis
1153 4221 1235 4268 cum
1256 4219 1343 4268 cura
1366 4210 1403 4269 et
1424 4197 1499 4268 sine
1520 4179 1604 4278 citra
1631 4193 1798 4290 primaria
1821 4195 1897 4267 rice
1919 4209 1956 4266 et
1978 4196 2140 4293 quotiens

741 4298 802 4373 illa
825 4304 950 4378 exinde
972 4329 1095 4379 vacare
1116 4306 1337 4401 contingeret
1358 4303 1502 4397 ydoneis
1523 4327 1594 4400 que
1615 4303 1652 4373 in
1674 4297 1817 4374 ecclesia
1840 4315 1876 4374 et
1889 4325 1995 4398 super
2016 4299 2139 4376 altari·

681 4487 684 4504 Ι
739 4408 805 4482 bus
826 4411 995 4509 predictis
1028 4413 1147 4486 Missas
1175 4426 1211 4485 et
1238 4410 1306 4482 alia
1332 4409 1451 4483 divina
1479 4409 1593 4482 officia
1615 4408 1794 4506 perpetuis
1815 4407 1946 4481 suturis
1968 4413 2140 4506 tempori·
2261 4469 2264 4472 .

738 4515 803 4588 bus
823 4519 1041 4594 celebrarent
1063 4520 1221 4616 personis
1243 4518 1463 4591 conserendis
1485 4532 1600 4590 erecta
1619 4516 1709 4590 soret
1727 4531 1845 4587 tamen
1865 4517 2056 4613 Episcopus
2075 4523 2137 4595 Ce-

738 4619 870 4719 ptensis
892 4653 957 4724 pro
978 4643 1138 4723 tempore
1160 4649 1199 4700 ae
1220 4623 1343 4698 dilecti
1368 4624 1434 4697 [ilii
1456 4625 1614 4698 canonici
1641 4638 1678 4696 et
1705 4647 1873 4719 personae
1894 4621 2007 4696 dictae
2028 4625 2137 4700 eccle·

740 4734 810 4807 siae
831 4762 896 4832 pro
918 4762 958 4812 eo
979 4735 1071 4835 quod
1093 4733 1243 4808 diocesis
1262 4732 1444 4829 Cepteusis
1465 4756 1531 4829 pro
1555 4733 1707 4803 maxima
1728 4743 1828 4826 parte
1847 4729 1976 4804 eisdem
1996 4732 2135 4809 subdita

738 4838 986 4918 dinoscebatur
1006 4842 1218 4925 sarracenis,
1240 4855 1278 4916 et
1300 4842 1373 4937 ipsa
1395 4838 1538 4914 ecclesia
1560 4838 1741 4936 Cepteusis
1766 4836 1851 4911 alias
1877 4862 2031 4936 congrua
2055 4840 2138 4914 dote

737 4948 879 5024 carebat
912 4952 1114 5025 nullatenus
1147 4948 1323 5023 habebant
1355 4948 1449 5021 unde
1480 4946 1672 5019 sustentari
1699 4959 1736 5018 et
1762 4945 1830 5019 alia
1856 4947 1907 5021 eis
1932 4947 2137 5023 incumben-

736 5056 784 5127 tIa
808 5082 913 5133 onera
934 5060 1153 5159 aliquatenus
1174 5056 1331 5131 valerent
1352 5067 1560 5153 supportare
1588 5052 1735 5128 minime
1758 5053 1960 5130 resederant
1990 5080 2052 5130 nec
2079 5078 2134 5127 re·

738 5163 896 5242 sidebant
926 5181 964 5243 et
995 5190 1059 5263 per
1090 5164 1171 5240 inde
1197 5180 1275 5239 erat
1297 5164 1411 5264 quoad
1435 5161 1602 5238 effectum
1625 5185 1667 5235 ac
1687 5162 1716 5235 si
1738 5161 1846 5239 dieta·
1857 5164 2061 5238 constitutio
2086 5161 2136 5233 ia
