5134 6450
1110 833 1192 955 77

456 1014 625 1084 ioannem
649 1008 849 1091 Dominici‚
870 1004 1082 1080 Gomeeium
1106 1003 1275 1084 Martini,
1302 1002 1528 1077 Dominicum
1551 1001 1740 1100 Stephani,
1764 1012 1853 1083 Lau.
1903 1004 1907 1013 ”

456 1119 613 1192 rentium
638 1116 812 1213 Corrigia,
832 1110 1093 1188 Gundisaivum
1114 1111 1262 1192 Veiesci,
1291 1111 1482 1185 Martinum
1509 1109 1661 1194 Aiionsi,
1683 1116 1855 1191 ioannem
1906 1164 1910 1175 .

456 1224 646 1307 Dominiei,
668 1227 840 1296 ioannem
860 1219 1047 1301 Ferrundi,
1065 1221 1234 1293 ioannem
1254 1216 1685 1301 Aliensi„Gundisaivum
1707 1222 1855 1310 velasci,

455 1332 643 1406 Aiionsum
666 1329 889 1413 Gundisaivi,
911 1333 1082 1401 ioannem
1110 1325 1303 1422 Stepbeni,
1334 1324 1562 1399 Dominicum
1589 1327 1737 1412 Aivari,
1766 1331 1857 1404 Gar.

454 1441 542 1511 siam
564 1437 750 1519 Gomeeii,
776 1436 920 1511 ciericos
946 1458 1012 1531 pro
1031 1434 1238 1517 Canonicis,
1263 1456 1304 1504 ac
1325 1449 1460 1506 ceteros
1481 1431 1569 1505 aiios
1591 1458 1655 1529 pro
1676 1442 1856 1533 perpetuis

404 1616 407 1629 ,
456 1544 670 1621 beneficiatis
689 1547 764 1618 sive
786 1542 1023 1643 portionariis,
1048 1542 1084 1613 in
1107 1539 1260 1615 Ecclesia
1283 1541 1319 1615 S
1340 1538 1508 1636 Stephani
1534 1539 1578 1614 de
1600 1542 1760 1617 Valentis
1785 1549 1856 1621 Tu-

455 1654 573 1728 deusis
593 1653 766 1727 Dioecesis
787 1676 824 1726 sc
845 1648 1072 1748 gerentibus,
1096 1672 1230 1724 necnon
1258 1648 1438 1721 universos
1462 1650 1756 1739 bionasteriorum
1781 1654 1856 1729 Ab·

410 1836 414 1840 .
455 1760 566 1843 butes,
584 1761 734 1844 Priores,
753 1758 970 1844 Abbatissas,
987 1757 1186 1841 Priorissas,
1205 1760 1419 1838 Conventus,
1438 1755 1695 1831 Peroebiaiium
1715 1785 1856 1860 quoque

455 1867 706 1943 Ecclesiarium
739 1868 927 1949 Rectores,
954 1888 995 1937 ac
1021 1864 1166 1939 Cierum
1192 1879 1229 1937 et
1249 1862 1421 1959 populum
1444 1864 1479 1934 in
1502 1863 1596 1937 dicta
1618 1880 1719 1961 purte
1741 1872 1855 1966 Regni

454 1999 561 2071 super
578 1973 848 2069 jurisdictione,
873 1970 1109 2070 subjectione,
1135 1988 1174 2047 et
1194 1969 1391 2045 obedientis
1413 1969 1662 2054 Eociesiarum,
1684 1977 1856 2052 Monaste·

393 2086 399 2095 ’
455 2084 604 2165 riorum,
627 2079 867 2166 Prioratuum,
895 2079 1131 2176 Capelianum,
1159 2096 1196 2153 et
1216 2077 1370 2151 aliorum
1393 2077 1645 2153 Beneficiorum
1670 2081 1856 2158 Ecclesias—

454 2190 627 2269 ticorum,
649 2185 899 2273 saecularium,
921 2201 960 2261 et
980 2186 1220 2285 regularium,
1247 2210 1383 2260 menon
1404 2185 1632 2282 oppidorum,
1656 2187 1854 2277 tiliarum,

415 2322 423 2343 ·
457 2297 688 2377 Castrorum,
710 2291 970 2392 Viliagiorum,
998 2310 1035 2370 et
1059 2294 1211 2369 aliorum
1240 2293 1461 2367 diversorum
1490 2291 1648 2366 iocorum
1676 2320 1758 2370 cum
1782 2302 1857 2373 suis

453 2399 697 2486 districtibus,
724 2404 988 2498 appendentiis,
1016 2401 1201 2485 membris,
1226 2400 1509 2497 possessionibus,
1528 2400 1669 2499 juribus
1688 2418 1726 2477 et
1748 2410 1857 2502 perti·

453 2509 583 2583 nuntiis
604 2508 735 2582 eisdem
758 2512 930 2607 Episcopo
953 2514 1091 2585 Deoano
1111 2525 1150 2585 et
1170 2508 1336 2607 Capituio
1359 2509 1567 2582 Dioecesana
1587 2508 1857 2612 iegesubjecto-

453 2620 552 2698 ium,
572 2639 613 2686 ac
631 2638 739 2710 super
760 2614 946 2700 iructibus,
972 2617 1181 2701 redditibus,
1206 2614 1446 2712 proventibus,
1463 2615 1619 2713 juribus,
1636 2618 1858 2694 obventioni-

455 2722 545 2806 bus,
572 2735 611 2795 et
637 2722 911 2805 emolumentis,
939 2722 991 2815 ad
1010 2724 1103 2819 ipsos
1131 2725 1342 2820 Episcopum
1374 2727 1552 2797 noenum
1583 2739 1620 2796 et
1649 2728 1855 2822 Capitulum

453 2828 696 2903 communiter
726 2829 784 2903 vei
815 2830 959 2903 divisim
992 2824 1255 2926 spectantibus,
1281 2853 1372 2927 quae
1400 2830 1466 2927 ipsi
1495 2829 1654 2913 Clerici,
1674 2832 1854 2921 Abbates,

294 2974 301 2985 x
454 2939 605 3019 Priores,
629 2934 847 3022 Abbatissse,
868 2937 1069 3021 Priorissae,
1092 2942 1306 3021 Conventus,
1328 2938 1509 3018 Rectores,
1532 2936 1672 3023 Cierus,
1691 2954 1728 3013 et
1745 2940 1856 3039 popu·-

456 3045 524 3129 ius,
542 3045 651 3117 etiam
669 3046 910 3120 communiter
924 3044 981 3118 vel
993 3045 1136 3119 divisim
1149 3059 1419 3144 occupaverant,
1438 3059 1476 3118 et
1489 3044 1725 3131 detinuerant,
1744 3066 1856 3146 prout

451 3149 661 3227 detinebant
693 3150 849 3229 indebite
880 3169 1071 3252 occupata,
1097 3154 1235 3228 fruetus
1262 3152 1486 3251 percipiendo
1514 3152 1623 3228 etiam
1653 3179 1696 3230 ex
1721 3157 1855 3234 eisdem

454 3274 583 3343 amota,
607 3273 644 3331 et
666 3261 701 3330 in
723 3263 881 3334 Romane
900 3263 1005 3335 Curia
1028 3286 1149 3337 coram
1168 3262 1302 3337 diiecto
1321 3260 1395 3333 iilic
1415 3275 1537 3334 nostro
1555 3264 1857 3341 LucidoSenctee

455 3366 586 3441 Maniae
608 3367 646 3437 in
667 3367 868 3442 Cosmedim
901 3372 1057 3444 Diaoono
1076 3370 1268 3460 ‚caninat-i
1293 3368 1430 3443 diutins
1451 3367 1630 3456 ventilata,
1658 3394 1765 3442 unam
1788 3397 1854 3469 pru

455 3498 493 3548 se
513 3489 551 3547 et
570 3485 692 3546 eontra
713 3475 806 3569 ipsos
828 3475 998 3561 Clericus,
1020 3478 1192 3562 Abbutee,
1217 3480 1373 3560 Priores,
1402 3474 1621 3562 Abbatissas,
1652 3479 1854 3566 Priorissas,

456 3585 669 3663 Conventus,
689 3578 853 3667 Cierum,
878 3599 916 3658 et
939 3585 1128 3681 populum,
1150 3609 1215 3680 per
1236 3610 1347 3684 quam
1368 3584 1461 3655 inter
1482 3596 1598 3656 cetere
1620 3585 1689 3680 ipsi
1711 3585 1854 3673 Clerici,

456 3687 625 3773 Abbatss
648 3690 798 3774 Priores,
819 3690 1041 3776 submissae,
1062 3693 1261 3777 Pessime,
1285 3696 1499 3771 convensus,
1522 3691 1706 3774 uectores,
1729 3692 1855 3767 uterus

454 3813 492 3872 et
513 3793 681 3892 populus,
708 3810 746 3869 et
766 3797 918 3895 quilibet
937 3822 1065 3894 eorum
1084 3812 1259 3899 quantun
1281 3800 1396 3896 ipsum
1419 3797 1598 3892 contingit
1618 3799 1654 3870 in
1677 3799 1855 3875 fructibus

454 3929 497 3977 ex
516 3905 835 3988 administratione,
858 3904 1228 3990 Arebidiaoomtibus,
1249 3903 1533 3989 canonicatibus,
1559 3904 1792 3994 Praebendis,
1817 3926 1855 4010 et

318 4065 339 4097 .,
456 4011 638 4085 Beneficiis
666 4009 895 4108 hujusmodi,
921 4036 1056 4087 necnon
1079 4013 1157 4086 aliis
1183 4012 1281 4085 bouis
1301 4014 1345 4087 ad
1368 4009 1558 4084 Ecclesiam
1580 4013 1791 4098 Tudensem,
1813 4040 1854 4089 ac

456 4116 696 4214 Episcopaiem
717 4131 756 4191 et
776 4116 1016 4215 Cupituiarsm
1035 4143 1172 4195 mensas
1188 4118 1365 4216 praenes
1379 4120 1617 4191 eomnumiter
1636 4119 1692 4191 vsi
1709 4120 1854 4198 divisim

457 4222 721 4324 quomodolibet
737 4227 989 4320 spoetantibus,
1008 4221 1028 4330 ᾖ
1046 4243 1207 4324 tempore
1226 4240 1344 4299 motae
1359 4222 1433 4296 litis
1453 4222 1656 4322 hujusmodi
1669 4227 1761 4301 citra
1774 4253 1853 4326 per-

456 4346 556 4430 cepto
577 4346 616 4406 et
637 4332 674 4405 iu
692 4333 852 4429 expensis
872 4358 990 4408 curem
1012 4357 1054 4408 eo
1076 4336 1112 4407 in
1135 4331 1336 4432 hujusmodi
1354 4355 1456 4406 eausa
1476 4331 1637 4428 legitime
1654 4332 1754 4408 iactis
1771 4361 1858 4410 eon-a

456 4440 597 4538 depoati
618 4440 823 4527 extiterant,
843 4443 1070 4516 diffinitivam
1093 4442 1303 4520 seutentiam
1329 4453 1569 4537 reportarunt,
1590 4456 1629 4513 et
1648 4466 1754 4539 super
1774 4467 1854 4518 exe-

456 4548 595 4621 cutione
611 4547 726 4624 dictee
743 4552 1038 4651 sententiaequue
1050 4551 1158 4624 etiam
1173 4547 1272 4624 uuiia
1287 4548 1531 4646 provocatione
1544 4573 1708 4646 suspensa
1723 4551 1759 4624 in
1774 4574 1851 4626 rem

455 4656 624 4728 transivit
639 4654 845 4752 Judiesum,
866 4683 1003 4735 noenou
1022 4660 1249 4734 restitutione
1268 4656 1525 4740 fructuum‘et
1542 4657 1775 4732 satisfactione
1793 4683 1854 4733 er·

359 4787 366 4806 ’
457 4785 643 4860 pensurum
669 4762 891 4862 hujusmodi:
914 4767 1018 4867 (quae
1038 4765 1182 4867 quidem
1204 4788 1388 4862 expensae,
1408 4763 1453 4835 ad
1474 4781 1617 4839 centum
1637 4766 1851 4841 florenorum

348 4935 351 4944 .
426 4870 536 4948 ,auri
558 4894 734 4942 mmmarn
761 4886 900 4949 taxatos
923 4876 1081 4974 fuerunt)
1107 4889 1245 4947 nostras
1267 4871 1393 4945 advos
1414 4869 1610 4968 subscripta
1635 4872 1747 4945 forma
1770 4875 1852 4950 lite-
1890 4945 1905 4974 ‚

457 5004 515 5052 ras
538 4978 789 5074 impetrarunt·
809 4983 900 5056 Cum
921 4997 1041 5059 autem
1062 4985 1156 5057 sicut
1176 4979 1295 5057 eodem
1327 4980 1452 5078 petitio
1475 4978 1723 5077 subjungebat,
1751 4985 1853 5077 Epis·

459 5108 579 5183 copus,
602 5089 773 5172 Deeanus,
795 5101 831 5161 et
853 5090 1058 5185 Capitulum
1079 5089 1227 5190 praeisti
1247 5086 1436 5161 dubitetur
1456 5111 1500 5162 ne
1521 5088 1629 5162 etiarn
1652 5086 1768 5188 aliqua
1790 5090 1865 5162 aiii-

459 5196 494 5266 in
513 5191 829 5281 administratione,
848 5194 1208 5284 Archidiaconatibus,
1226 5195 1503 5283 canonicatibus,
1522 5193 1726 5292 praebendis
1743 5211 1781 5278 et
1794 5195 1851 5273 be-
1935 5244 1940 5254 ·
