5134 6450
325 1084 330 1095 .
414 1024 662 1098 munientiouis
684 1024 759 1120 ipso
777 1022 869 1096 facto
883 1023 1087 1123 incurreret
1103 1021 1268 1118 quodque
1285 1023 1314 1092 si
1333 1043 1408 1094 eam
1420 1019 1548 1092 «animo
1568 1018 1732 1096 indurato
1750 1049 1816 1122 per

410 1148 485 1207 tres
511 1157 647 1207 menses
668 1133 857 1206 sustineret
878 1128 1044 1204 videlieet
1064 1153 1134 1200 ηοη
1158 1127 1322 1204 solvendo
1348 1152 1366 1199 a
1396 1144 1494 1223 parte
1526 1130 1643 1225 ipsum
1677 1133 1815 1208 contin·

412 1256 556 1336 gentem
584 1230 680 1333 soret
704 1241 777 1336 ipso
804 1240 896 1311 lacto
922 1241 1084 1335 privatus
1110 1241 1226 1331 prout'
1244 1238 1282 1309 in
1303 1235 1389 1307 dicti
1412 1234 1661 1332 predecessoris
1684 1236 1815 1315 litteris

413 1373 519 1444 super
540 1348 621 1424 inde
640 1348 807 1422 coniectis
818 1347 964 1444 plenius
982 1346 1195 1437 continetur.
1216 1343 1446 1417 Postmodum
1468 1360 1651 1417 varocum
1671 1368 1733 1419 nos
1753 1352 1815 1446 qui

413 1455 771 1553 dicto‘predecessore
793 1456 887 1528 sicut
908 1454 1052 1527 domino
1079 1450 1214 1549 placuit
1238 1450 1378 1524 sublato
1406 1452 1449 1526 de
1477 1451 1593 1525 medio
1619 1453 1738 1527 divina
1766 1455 1816 1529 la-

412 1577 517 1637 rente
537 1564 724 1639 clementia
746 1563 789 1634 ad
811 1564 946 1687 apicem
970 1560 1102 1635 summi
1125 1558 1344 1657 apostulatus
1363 1562 1536 1653 assumpti
1556 1558 1689 1633 luimus
1708 1566 1816 1636 ratio-

412 1671 552 1744 nalibus
579 1670 825 1745 suadentibus
831 1673 944 1744 causis
970 1693 1090 1743 omnes
1111 1668 1257 1740 uniones
1277 1669 1485 1741 annexioneo
1506 1681 1543 1741 et
1564 1669 1815 1767 incorporatio-

411 1802 474 1851 nes
495 1779 538 1852 de
560 1778 739 1878 quibusvis
759 1776 1028 1852 cathedralibus
1049 1800 1182 1850 necnon
1204 1774 1282 1846 aliis
1303 1774 1479 1859 ecclesiis,
1514 1778 1738 1850 monasteriis
1759 1779 1813 1852 di·

412 1885 609 1980 gnitatibus
642 1886 885 1981 personatibus
911 1885 1037 1958 officiis
1058 1908 1097 1957 ae
1119 1862 1295 1957 beneficiis
1320 1881 1563 1956 ecclesiasticis
1595 1884 1814 1982 qualiacum-

412 2016 482 2087 que
504 1994 652 2067 forent
643 1996 792 2068 invicem
816 1993 870 2067 vel
893 1992 972 2066 aliis
993 1992 1160 2074 ecclesiis,
1185 1991 1406 2063 monasteriis
1428 1993 1557 2065 mensis
1579 1991 1813 2088 dignitatibus

411 2101 656 2195 personatibus
674 2100 811 2185 officiis,
830 2101 1006 2175 beneficiis
1024 2117 1062 2175 et
1079 2099 1162 2172 locis
1180 2097 1447 2196 quomodolibet
1463 2097 1650 2196 apostoliea
1670 2099 1725 2175 rel
1744 2100 1819 2174 alia

413 2210 537 2304 quavis
559 2210 769 2283 auctoritate
791 2210 899 2283 factas
921 2224 1068 2305 propter
1089 2231 1176 2306 quas
1199 2204 1251 2278 illi
1274 2231 1427 2305 quorum
1452 2205 1640 2281 interesset
1661 2209 1711 2281 sic
1730 2210 1810 2282 uni·
1842 2280 1847 2287 .

411 2329 536 2387 torum
557 2318 804 2413 possessionem
827 2317 1007 2413 pacificam
1031 2332 1119 2391 tunc
1141 2338 1209 2386 non
1234 2312 1402 2387 tenebant
1425 2316 1717 2387 revomvissemus
1740 2340 1812 2389 cas-

410 2422 614 2496 savissimus
640 2438 678 2496 et
705 2425 973 2498 irritavissimus
1000 2422 1202 2522 nulliusque
1223 2421 1498 2501 decrevissemus
1522 2424 1674 2496 existere
1698 2424 1812 2497 firmi·

410 2531 496 2601 tatis
517 2531 609 2603 sicut
629 2529 784 2605 exhibita
807 2531 908 2605 nobis
935 2557 1049 2628 nuper
1083 2530 1148 2626 pr'o
1176 2544 1276 2627 parte
1303 2531 1474 2601 carissimi
1503 2532 1540 2601 in
1566 2529 1710 2604 Christo
1745 2532 1811 2605 filii

402 2639 523 2735 ³nostri
551 2638 688 2712 Allonsi
717 2637 938 2739 Portugaliae
964 2653 1002 2712 et
1023 2637 1185 2734 Algarbii
1212 2640 1418 2732 Regnorum
1441 2636 1681 2732 predictorum
1704 2643 1813 2737 Regis

411 2742 563 2817 illustris
589 2747 714 2843 petitio
740 2745 939 2820 continebat
965 2745 1082 2819 dictus
1110 2747 1303 2841 Episcopus
1324 2766 1432 2815 unam
1455 2744 1628 2817 dictarum
1653 2750 1813 2840 partium

345 2866 374 2915 Γ
410 2851 574 2927 videlicet
596 2855 753 2928 Pacensis
780 2870 867 2928 tunc
893 2877 957 2950 per
982 2853 1120 2926 obitum
1150 2852 1328 2950 quondam
1357 2853 1451 2924 Petri
1477 2850 1686 2925 Gundisalvi
1715 2853 1811 2926 illius

411 2959 723 3034 Administratoris
745 2978 843 3035 extra
866 2965 1057 3035 Romanam
1082 2964 1217 3033 curiam
1242 2958 1398 3032 defuncti
1422 2974 1601 3032 vacantem
1626 2984 1688 3033 seu
1712 2960 1809 3033 illius

410 3070 658 3162 possessionem
686 3069 865 3142 dictarum
895 3069 1096 3143 litterarum
1125 3072 1246 3165 rigore
1266 3072 1444 3139 assecutus
1467 3066 1565 3139 illam
1588 3091 1630 3140 ex
1653 3083 1738 3140 tunc
1759 3084 1811 3144 te-

410 3175 494 3248 nuit
514 3192 552 3250 et
572 3177 727 3274 possedit
751 3193 858 3275 prout
884 3192 983 3273 tenet
1009 3193 1046 3250 et
1072 3179 1224 3273 possidet
1244 3174 1289 3248 de
1307 3176 1462 3272 presenti
1487 3173 1626 3268 fructus
1648 3175 1811 3250 redditus

410 3297 446 3355 et
467 3301 658 3380 proventus
678 3289 874 3382 percipiens
894 3311 936 3360 ex
957 3287 1078 3360 eadem
1103 3311 1143 3358 ac
1165 3285 1315 3357 dilectus
1332 3281 1435 3386 lilius
1463 3286 1633 3380 Magister
1660 3289 1810 3356 Fernan-

410 3390 477 3461 dus
497 3391 620 3465 Alvari
648 3389 892 3490 delAlmeyda
914 3395 1063 3468 clericus
1090 3395 1249 3465 notarius
1277 3405 1396 3463 noster
1422 3415 1618 3463 assererens
1641 3391 1734 3488 quod
1758 3395 1811 3463 in-

410 3499 518 3571 terim
541 3499 698 3575 dedicta
722 3517 821 3598 parte
842 3517 885 3573 ut
906 3503 1132 3599 premittitur
1153 3512 1297 3572 vacante
1319 3496 1386 3570 sibi
1409 3522 1471 3621 per
1493 3521 1556 3569 nos
1577 3522 1637 3572 seu
1657 3502 1808 3571 auctori-

409 3619 483 3678 tate
503 3605 707 3681 litterarum
729 3625 931 3682 nostrarum
956 3612 1137 3706 provisum
1161 3610 1230 3679 fuit
1248 3608 1345 3677 omni
1360 3606 1433 3701 juri
1424 3603 1548 3676 ''sibi
1539 3630 1574 3676 m
1594 3605 1688 3678 dicta
1707 3623 1809 3702 parte

409 3711 466 3787 vel
488 3714 531 3786 ad
554 3739 629 3788 eam
654 3717 918 3815 quomodolibet
938 3717 1152 3811 competenti
1173 3740 1291 3786 coram
1314 3711 1444 3784 dilecto
1467 3699 1541 3783 filio
1564 3712 1725 3810 Philippo
1745 3716 1808 3789 Al·

409 3799 498 3894 lonsi
523 3826 659 3896 notario
679 3823 821 3921 publico
840 3839 877 3898 et
895 3824 1073 3898 nonnullis
1090 3823 1241 3895 testibus
1258 3820 1446 3917 fidedignis
1466 3834 1564 3893 extra
1586 3820 1718 3893 dictam
1748 3847 1808 3895 cu·

408 3930 499 4000 riam
522 3948 644 4027 sponte
666 3950 703 4008 et
724 3923 832 4006 libere
854 3934 957 4006 cessit
979 3957 1039 4006 seu
1062 3932 1283 4005 renunciavit
1304 3942 1411 4024 prout
1430 3928 1466 3998 in
1486 3928 1725 4002 instrumento
1744 3955 1808 4025 pu·

410 4034 502 4105 blico
525 4063 630 4110 manu
652 4040 738 4112 dieti
760 4039 910 4136 philippi
933 4041 1060 4112 notarii
1082 4041 1220 4133 signato
1241 4036 1379 4132 plenius
1398 4035 1612 4108 continetur.
1637 4040 1725 4109 Cum
1746 4061 1806 4108 au-

388 4137 390 4144 ’
409 4155 483 4214 tem
506 4146 597 4216 sicut
619 4148 739 4220 eadem
763 4149 888 4242 petitio
910 4145 1143 4243 subjungebat
1168 4144 1284 4215 dictus
1305 4147 1381 4216 llex
1401 4138 1731 4216 dimembrationem
1754 4147 1806 4216 se-

410 4253 626 4344 parationem
662 4256 942 4351 segregationem
982 4254 1245 4350 deputationem
1275 4264 1312 4323 et
1338 4248 1609 4343 assignationem
1632 4249 1820 4344 predictas

409 4381 450 4428 ac
470 4362 587 4432 omnia
610 4361 677 4434 alia
699 4377 735 4435 et
755 4360 892 4459 singula
916 4363 954 4434 in
975 4361 1081 4433 dictis
1100 4359 1229 4432 litteris
1247 4370 1411 4438 contenta
1432 4356 1594 4453 ipsasque
1614 4355 1749 4431 litteras
1766 4384 1807 4430 ac

410 4489 639 4566 quaecunque
660 4470 840 4544 indescuta
862 4494 927 4565 pro
945 4493 1068 4544 eorum
1087 4467 1310 4539 subsistentia
1329 4463 1478 4536 firmiori
1496 4478 1619 4534 nostro
1639 4466 1807 4535 munimi-

389 4595 454 4642 ›ne
475 4573 634 4647 roborari
656 4578 842 4650 desideret.
865 4583 934 4666 Nos
955 4578 1054 4674 pium
1079 4590 1116 4649 et
1133 4572 1307 4646 laudabile
1323 4569 1537 4645 desiderium
1559 4572 1667 4666 Regis
1687 4569 1805 4669 hujus·

412 4680 539 4753 modi
531 4707 565 4754 m
588 4682 733 4757 domino
753 4683 951 4781 plurimum
974 4683 1258 4758 commendantes
1280 4680 1525 4753 accessionem
1550 4703 1610 4751 seu
1630 4681 1806 4751 renuntia-

409 4787 543 4862 tionem
565 4791 759 4885 predictam
782 4793 826 4866 de
846 4817 915 4891 qua
937 4792 1036 4866 nobis
1056 4791 1205 4888 perdioti
1226 4787 1450 4862 instrumenti
1471 4763 1687 4858 exhibitione
1705 4788 1806 4882 plena

411 4894 497 4967 fides
519 4896 609 4969 facta
628 4900 750 4972 extitit
768 4903 977 4976 auctoritate
994 4899 1180 4998 apostolica
1201 4897 1327 4970 harum
1348 4895 1440 4969 serie
1458 4880 1707 4966 admittentes
1698 4897 1807 4990 rpsius

411 5002 520 5100 Regis
547 5008 730 5080 asserentis
751 5006 845 5106 quod
866 5008 1006 5081 fructus
1027 5006 1187 5082 redditus
1204 5020 1241 5078 et
1259 5018 1450 5102 proventus
1466 4999 1638 5096 Ecclesiae
1657 5003 1805 5099 Cepten-

283 5143 286 5150 r
412 5111 458 5183 sis
478 5127 622 5185 centum
645 5112 816 5187 librarum
840 5119 1098 5190 Turonensium
1120 5112 1305 5197 similium,
1327 5110 1516 5185 secundum
1540 5111 1803 5184 extimationem

411 5218 608 5313 predictam
628 5219 782 5300 valorem
804 5247 961 5298 annuum
991 5248 1059 5298 non
1084 5222 1256 5300 excedunt
1278 5223 1313 5293 in
1336 5220 1400 5294 bac
1421 5232 1522 5317 parte
1544 5217 1804 5316 supplicationi·
