5134 6450
1032 1307 1095 1389 N.⁰
1121 1308 1158 1384 2.

417 1636 522 1708 Bulla
545 1634 587 1706 dc
608 1632 789 1706 Mortinho
812 1634 853 1704 V
872 1629 914 1703 do
936 1655 1031 1703 anno
1059 1629 1174 1713 1423,
1196 1628 1397 1709 mandando
1416 1636 1577 1703 reststoir
1599 1631 1779 1705 oDioccre

490 1741 556 1813 'de
582 1743 660 1836 Toy
682 1764 705 1811 o
721 1750 831 1839 parte
853 1736 943 1810 dello
964 1735 1142 1838 erperode
1164 1761 1210 1808 no
1234 1740 1342 1810 lirino
1371 1736 1412 1810 de
1436 1735 1621 1833 Portogol
1639 1754 1697 1809 oo·

920 1860 1032 1943 tempo
1054 1842 1096 1915 do
1117 1840 1272 1915 rehtma.

389 2070 660 2230 Illustrissimis
685 2174 724 2231 et
747 2160 987 2232 serenissimis
1008 2158 1232 2255 Principibus
1254 2174 1293 2232 et
1317 2159 1478 2233 Dominis
1502 2158 1664 2229 Dominis
1685 2158 1825 2230 divina-

389 2265 530 2336 favente
548 2263 737 2337 clementia
756 2263 929 2339 castellae
947 2279 985 2337 et
1003 2267 1182 2359 Legionis,
1201 2289 1240 2337 ac
1258 2262 1486 2359 Portugaliae
1505 2277 1540 2336 et
1556 2261 1721 2358 'Algarbii
1737 2266 1805 2347 Re-

389 2370 506 2464 gibus,
529 2385 732 2441 restrorum
757 2374 962 2464 Regnorum
987 2369 1099 2443 felicis
1120 2371 1365 2465 prosperitatis
1389 2383 1648 2463 augmentum:
1671 2391 1805 2441 necnon

392 2475 609 2548 Reverendis
631 2478 668 2546 in
689 2475 835 2548 cbristo
859 2476 1024 2550 Patribus
1046 2490 1083 2549 ct
1106 2478 1270 2550 Dominis
1293 2477 1456 2548 Dominis
1481 2475 1546 2548 Dei
1567 2488 1604 2547 et
1618 2473 1807 2569 ¹Apostoli·

388 2603 448 2653 cae
470 2580 568 2653 Sedis
594 2582 710 2675 gratia
731 2582 1034 2677 compostellano,
1062 2585 1283 2665 Bmcarensi,
1315 2578 1617 2677 Arcbiepiscopis,
1645 2604 1685 2651 ac
1709 2580 1804 2652 Sala·
1864 2602 1869 2610 ·

382 2687 564 2767 mantino,
583 2686 769 2768 Auriensi,
788 2689 1004 2769 Zamorensi,
1024 2708 1160 2758 necnon
1179 2686 1440 2781 Portugalensi,
1459 2684 1723 2768 Colimbriensi,
1743 2687 1804 2757 Vi·
1835 2760 1838 2769 ,

388 2792 495 2872 sensi,
514 2782 711 2874 Elborensi,
733 2795 950 2874 Lamacensi,
967 2789 1205 2889 omnibusque
1223 2791 1303 2864 aliis
1316 2806 1354 2865 ct
1367 2789 1519 2885 singulis
1535 2790 1715 2861 dictorum
1738 2792 1806 2862 Re-

389 2920 545 2990 gnorum
569 2895 742 2969 castellae
762 2913 799 2971 et
817 2899 993 2992 legionis,
1012 2920 1148 2970 necnon
1171 2896 1395 2994 Portugalioe
1413 2910 1451 2968 et
1470 2894 1636 2989 Algarbii
1656 2894 1806 2968 Archio-

391 3004 553 3097 piscopis,
576 3018 612 3075 et
635 3005 826 3098 Episcopis,
845 3026 1044 3101 eorumque
1062 3018 1098 3076 et
1115 3003 1307 3099 cujuslibet
1324 3005 1483 3099 ipsorum
1505 3003 1541 3072 in
1560 3000 1805 3096 spiritualibus

390 3122 427 3181 et
448 3107 707 3202 temporalibus
729 3111 880 3181 Vicariis
907 3125 945 3182 et
966 3108 1194 3192 officialibus,
1222 3132 1356 3183 necnon
1386 3109 1562 3179 universis
1589 3121 1627 3178 et
1653 3106 1806 3202 singulis

391 3214 482 3287 unis
503 3212 719 3297 Abbatibus,
743 3215 936 3300 Prioribus,
961 3217 1185 3311 Praepositis,
1205 3216 1369 3299 Decanis,
1391 3211 1676 3296 Archidiaconis,
1700 3212 1806 3286 Sebo-

246 3380 255 3394 ,
390 3317 535 3401 lasticis,
562 3320 785 3405 cantoribus,
814 3321 1073 3424 Thesaurariis,
1102 3325 1277 3406 Sacristis,
1306 3338 1382 3394 tam
1403 3317 1674 3393 cathedralium
1698 3341 1807 3415 quam

274 3461 284 3512 ·,
391 3423 668 3519 collegiatarum
691 3427 888 3510 canonicis,
912 3428 1246 3525 Parochialiumque
1270 3426 1482 3524 Rectoribus
1509 3423 1747 3497 Ecolesiarum
1769 3437 1808 3496 et

391 3529 465 3602 loca
489 3533 693 3602 tenentium
716 3534 924 3617 eorundem,
946 3536 1245 3607 Monasteriorum
1264 3554 1577 3632 quorumcumque
1594 3546 1632 3603 et
1650 3528 1807 3626 Religio·

391 3660 513 3706 sorum
537 3637 699 3709 virorum
723 3639 910 3722 Ministris,
937 3638 1187 3722 Generalibus,
1216 3636 1508 3721 Pmrincialibus,
1532 3636 1697 3717 Vicariis,
1720 3638 1806 3708 cus·

390 3740 546 3824 todibus,
566 3741 793 3827 Guanlianis,
812 3761 850 3817 et
867 3749 903 3818 S.
922 3748 1067 3817 loannis
1084 3743 1377 3827 ierosolimitani,
1397 3756 1433 3815 et
1451 3744 1488 3816 S.
1505 3740 1629 3814 Jacobi
1642 3742 1686 3813 de
1699 3743 1806 3836 Spata

389 3848 581 3944 Magistris,
604 3849 798 3934 Prioribus,
821 3850 1151 3935 comendatoribus,
1175 3849 1477 3948 praeceptoribus,
1500 3862 1543 3920 et
1564 3848 1723 3944 ipsorum
1747 3847 1807 3918 do-
1851 3847 1855 3856 '

391 3977 532 4024 morum
555 3952 744 4037 iratribus,
767 3972 805 4029 et
826 3957 1140 4042 conventualibus,
1164 3958 1473 4038 Praedicatorum,
1497 3956 1692 4037 Minorum,
1721 3957 1807 4026 Ere·

391 4057 566 4128 mitorum
588 4062 625 4132 S.
651 4063 864 4156 Augustini,
889 4078 926 4136 et
948 4068 987 4135 Β.
1011 4065 1142 4136 Mariae
1164 4062 1459 4143 carmelitarum,
1487 4081 1528 4129 ac
1549 4081 1806 4155 quorumcum-
1879 4127 1882 4134 .

394 4184 463 4257 que
483 4161 637 4236 aliorum
658 4165 836 4239 Ordinum
857 4166 1042 4252 iratribus,
1061 4171 1265 4265 ceterisque
1279 4165 1511 4260 Presbyteris,
1529 4166 1664 4236 curatis
1683 4175 1721 4236 et
1734 4187 1807 4236 non

392 4270 539 4350 curatis,
564 4270 714 4342 vicariis
735 4276 927 4368 perpetuis,
949 4273 1159 4369 Capellanis,
1181 4288 1219 4347 et
1239 4271 1450 4347 Altaristis:
1470 4284 1546 4341 tam
1570 4267 1809 4364 Regularibus

392 4395 499 4469 quam
522 4375 774 4460 saecularibus,
796 4382 970 4475 exemptis
1003 4395 1041 4452 et
1067 4402 1134 4452 non
1161 4381 1349 4475 exemptis,
1373 4375 1539 4459 clericis,
1567 4378 1743 4458 Notariis,
1768 4390 1809 4447 et

392 4476 651 4553 Tabellionibus
672 4482 836 4577 publicis,
858 4485 1144 4583 quibuscumque
1162 4484 1427 4582 praedictorum
1447 4480 1807 4577 Archiepiscoporum

392 4597 430 4655 et
452 4588 719 4682 cpiscoporum,
743 4615 807 4687 per
829 4591 1000 4666 civitates
1020 4607 1059 4667 et
1082 4593 1278 4675 Dioeoeses,
1296 4613 1337 4663 ac
1356 4588 1442 4662 alias
1461 4586 1614 4661 ubilibet
1631 4589 1805 4659 constitu-

392 4689 459 4771 tis„
474 4713 609 4764 necnon
637 4693 838 4769 illustribus
866 4698 1091 4794 Principibus
1119 4700 1275 4780 Duanlo,
1304 4700 1420 4780 Petro,
1449 4696 1593 4777 Enrico,
1620 4695 1748 4765 loanni
1770 4705 1808 4764 et

373 4796 576 4910 *suranco
597 4801 824 4896 Portugaliae
845 4819 881 4877 et
902 4806 1030 4879 ceteris
1052 4804 1265 4888 Infantibus,
1284 4823 1324 4874 ac
1345 4800 1496 4888 Alsonso
1510 4799 1643 4874 comiti
1661 4798 1706 4871 de
1724 4795 1807 4871 Bar·

394 4899 491 4984 celis,
514 4906 709 5003 ceterisque
733 4909 903 4996 Ducibus,
925 4911 1202 4994 Marcbionibus,
1225 4908 1440 4993 comitibus,
1466 4904 1673 4990 Baronibus,
1703 4908 1807 4980 com-

388 5007 604 5094 ‚mestabilis
618 5013 836 5096 Seoescallis,
856 5018 997 5103 Basilis,
1016 5017 1172 5102 Railiris,
1191 5016 1386 5099 officiariis,
1406 5011 1594 5094 Militibus,
1613 5009 1806 5093 nobilibus,

392 5113 609 5207 justitiariis,
637 5118 826 5192 iudicibus
851 5145 1049 5222 eorumque
1074 5120 1286 5198 officialibus
1303 5119 1600 5220 ‚quibuscumque
1623 5121 1810 5191 molarum
