5134 6450
527 816 541 852 '
1093 822 1133 943 3

364 1070 367 1079 .
398 998 640 1098 praesentibus
660 998 766 1072 fidem
786 996 968 1071 indubiam
986 825 1166 1081 adlabere,
1185 1009 1222 1070 et
1241 995 1414 1069 mandatis
1433 996 1563 1067 nostris
1580 994 1795 1097 hujusmodi,

399 1102 471 1180 imo
493 1111 612 1182 verius
633 1103 857 1203 Apostolicis,
881 1104 1036 1178 firmiter
1051 1103 1205 1178 obedire.

506 1216 528 1289 2
584 1213 750 1310 Duplices
771 1212 893 1287 literas
913 1213 1140 1297 executorias,
1159 1234 1266 1283 unam
1280 1211 1448 1287 'videlicet
1466 1214 1501 1284 in
1521 1213 1635 1285 sorma
1655 1214 1797 1297 Petitio,

283 1406 285 1417 ⁴
379 1338 436 1411 ,et
456 1322 561 1397 aliam
583 1325 621 1396 in
643 1321 756 1394 iorma
779 1320 954 1403 semea,
977 1333 1205 1416 nuncupatas,
1229 1317 1370 1392 Domini
1387 1327 1502 1391 nostri
1520 1324 1630 1416 Papae
1652 1320 1797 1392 Martini

399 1432 526 1524 Quinti
546 1430 653 1503 unius
673 1429 864 1503 sententiae
889 1426 1099 1499 diffinitivae
1126 1448 1189 1521 per
1216 1427 1563 1501 Reverendissimum
1576 1430 1627 1499 'in
1653 1425 1796 1500 Christo

399 1540 543 1611 Patrem
561 1552 600 1611 et
617 1522 714 1610 Dum
734 1538 857 1610 Duum
877 1533 1052 1609 Lucidum
1081 1535 1227 1607 Sanctae
1256 1536 1387 1608 Mariae
1409 1536 1447 1606 in
1467 1534 1665 1609 Cosmedim
1685 1558 1798 1608 sacro·

400 1660 540 1720 sanctae
560 1649 737 1720 Romanae
759 1642 934 1717 Ecclesiae
955 1642 1152 1716 Diaconum
1173 1639 1397 1715 cardinalem
1418 1642 1582 1716 iudicem
1607 1657 1643 1716 et
1663 1629 1799 1716 Comis-

400 1753 533 1825 sarium
555 1746 575 1822 i
596 1753 684 1827 Sede
704 1741 905 1848 Apostolica
933 1746 1132 1847 specialiter
1158 1747 1369 1845 deputatum
1397 1750 1440 1825 de
1467 1766 1504 1824 et
1527 1773 1633 1848 super
1654 1751 1800 1824 restitn-

401 1861 496 1934 tione
517 1875 554 1934 et
575 1860 849 1955 reintegratione
875 1854 1129 1931 nonnullorum
1157 1855 1414 1941 membrorum,
1444 1861 1666 1940 Castr'omm,
1689 1856 1800 1930 Villa·

400 1992 498 2049 rum,
521 1982 558 2039 et
579 1966 731 2037 aliorum
754 1962 913 2037 locorum
932 1987 972 2036 ac
988 1963 1176 2047 honorum,
1196 1963 1464 2064 fructuumque,
1483 1966 1700 2051 reddituum,
1721 1956 1786 2061 pro

402 2088 589 2159 ventum,
608 2072 759 2169 jurium,
781 2087 819 2145 et
838 2071 1163 2145 emolumentorum
1185 2072 1227 2142 ad
1251 2073 1363 2167 ipsam
1387 2072 1577 2147 Ecclesiam
1600 2072 1819 2162 'indensem¹

403 2179 636 2276 spectantium
660 2200 725 2273 pro
746 2186 906 2275 tempore
928 2177 1082 2273 pestiferi
1105 2177 1304 2251 schismatis
1325 2179 1462 2252 dudum
1482 2181 1518 2252 in
1537 2178 1728 2254 Ecclesiam
1746 2179 1800 2250 di·

376 2326 381 2343 ·
405 2301 514 2370 ctam,
533 2301 570 2359 et
585 2284 630 2359 de
643 2310 734 2359 anno
752 2289 826 2359 nni
846 2284 1032 2359 millesimo
1045 2287 1293 2360 trecentesimo
1306 2289 1543 2384 octuagesimo
1557 2286 1675 2384 primo
1690 2290 1802 2360 incoe·
1908 2287 1912 2293 ’

403 2394 469 2488 pti,
489 2406 528 2466 et
549 2416 662 2489 nuper
683 2393 721 2465 in
741 2416 841 2467 sacro
862 2395 1121 2481 constantiensi
1147 2392 1304 2467 Concilio
1325 2396 1505 2490 extirpati,
1533 2388 1802 2492 segregatorum

403 2502 476 2574 sive
497 2515 751 2597 separatorum,
773 2516 810 2575 et
831 2524 956 2574 eorum
978 2502 1155 2585 occasione
1177 2500 1364 2596 prodistis
1381 2504 1473 2575 Ditis
1492 2503 1676 2601 Episcopo,
1696 2505 1802 2576 baca-

402 2630 462 2690 no,
489 2622 527 2680 et
554 2605 716 2703 Capitulo
742 2606 918 2682 Ecclesiae
945 2608 1114 2681 'ludensis
1136 2623 1257 2680 contra
1284 2609 1399 2682 dictos
1423 2612 1603 2695 Rectores,
1631 2608 1801 2692 Abbates,

404 2715 556 2800 Priores,
579 2712 781 2798 Abbatisas,
802 2714 982 2814 Priorisas,
1005 2714 1208 2787 Conventus
1229 2713 1462 2800 clericorum,
1489 2732 1527 2790 ct
1551 2715 1723 2813 populum
1749 2716 1803 2786 di·

404 2837 483 2894 ctae
505 2823 680 2897 Dioecesis
701 2821 874 2896 ‘ludensis
901 2822 937 2893 in
964 2834 1065 2917 parte
1088 2822 1203 2919 Regni
1225 2821 1447 2920 Portugaliae
1468 2848 1532 2919 per
1554 2822 1684 2909 dictam
1705 2847 1803 2895 cons-

404 2930 611 3004 titutionem
630 2927 731 3013 latae,
750 2929 842 3004 veris
860 2927 967 3001 bullis
983 2926 1160 3026 plumbeis
1178 2928 1287 3025 ipsius
1306 2932 1379 3004 Dni
1398 2933 1458 3005 nri
1477 2934 1599 3026 Papae,
1620 2953 1718 3027 more
1735 2931 1804 3003 Ro·

405 3059 530 3110 manae
549 3036 676 3109 Curiae
696 3034 992 3137 impendentibus,
1013 3049 1050 3108 et
1071 3034 1227 3121 bullatis,
1248 3060 1348 3110 sanas
1371 3052 1408 3112 ct
1426 3037 1596 3134 integras,
1614 3061 1684 3110 non
1702 3038 1827 3110 vitia·'
1918 3118 1922 3123 ,

405 3160 473 3228 tas,
495 3146 567 3217 non
587 3141 805 3232 cancellatas,
829 3167 892 3219 nec
914 3143 950 3217 in
971 3142 1090 3243 aliqua
1110 3142 1165 3217 sui
1184 3158 1285 3242 parte
1303 3161 1493 3245 suspectas,
1511 3145 1571 3218 sed
1590 3145 1687 3217 omni
1706 3167 1807 3243 pror·

408 3276 469 3324 sus
489 3252 577 3325 vitio
600 3265 639 3325 et
658 3253 854 3349 suspicione
873 3266 1043 3338 carentes,
1064 3252 1164 3326 nobis
1185 3276 1249 3350 per
1269 3252 1506 3330 venerabilem
1534 3255 1655 3327 virum
1678 3256 1804 3350 Magis-

407 3375 508 3433 trum
529 3356 747 3456 Stephanum
769 3361 906 3444 Enrici,
927 3359 979 3457 (1)
1004 3360 1041 3433 in
1059 3361 1217 3434 Romana
1240 3362 1348 3435 Curia
1373 3375 1412 3436 et
1431 3361 1608 3434 dictorum
1635 3359 1804 3434 Domino-

408 3490 494 3540 rum
515 3456 657 3541 ioannis
677 3467 853 3564 Episcopi,
875 3469 1005 3542 Decani
1026 3481 1065 3539 et
1083 3465 1239 3566 Capituli
1261 3468 1435 3544 Ecclesiae
1452 3467 1621 3544 'ludensis
1639 3490 1806 3564 procura·

409 3590 539 3659 torem,
561 3573 605 3648 de
625 3575 723 3672 cujus
745 3575 998 3670 procurationis
1026 3574 1189 3647 mandato
1215 3573 1318 3647 nobis
1344 3575 1506 3671 legitime
1531 3575 1807 3657 constabat,‘oo·

411 3705 490 3755 ram
513 3682 657 3756 Notario
677 3680 819 3779 publico
845 3696 882 3756 et
901 3679 1054 3764 testibus
1079 3678 1314 3778 infrascriptis
1340 3696 1601 3778 praesentatas,
1628 3686 1699 3755 Nos
1724 3703 1808 3753 cum

411 3814 451 3863 ea
472 3811 542 3887 qua
563 3788 682 3863 decuit
699 3790 894 3865 reverentia
911 3789 1085 3887 recepisse
1105 3787 1289 3873 noveritis,
1307 3793 1461 3888 quarum
1481 3789 1668 3865 literarum
1686 3810 1808 3863 execu-

412 3899 599 3982 toriarum,
621 3898 728 3973 unius
747 3895 913 3970 videlieet
934 3896 1086 3969 informa
1108 3896 1249 3981 Petitio,
1272 3910 1374 3969 tenor
1394 3897 1608 3994 sic-incipit.
1678 3950 1681 3954 -

524 4006 544 4076 3
599 4003 841 4079 MARTINUS
862 4004 1053 4100 Episcopus
1075 4026 1197 4076 servus
1220 4026 1407 4076 serrorum
1435 4006 1514 4078 Dei.
1543 4003 1811 4078 venerabilibus

414 4107 585 4183 iratribus
607 4108 791 4195 Electensi,
812 4122 851 4182 et
870 4108 1100 4183 Mindoniensi
1123 4109 1315 4204 Episcopis,
1339 4132 1379 4181 ac
1400 4107 1529 4184 dilecto
1557 4110 1632 4183 lilio
1657 4108 1810 4184 Officiali

415 4216 597 4300 Auriensi,
617 4214 766 4290 salutem
792 4230 829 4291 et
855 4213 1090 4312 Apostolicam
1119 4213 1410 4290 banwctionem.
1438 4218 1568 4290 Potitio
1594 4215 1813 4292 Venerabilis

415 4324 537 4398 fratris
558 4322 669 4397 nostri
690 4326 832 4398 ioannis
853 4323 1012 4420 Episcopi
1040 4321 1225 4406 Tudensis,
1251 4336 1289 4395 et
1314 4321 1528 4397 dilectorum
1556 4323 1712 4399 illiorum
1741 4328 1810 4399 De-

417 4433 494 4506 cani
516 4445 554 4506 et
573 4429 726 4528 Capituli
749 4430 922 4506 Ecclesiae
944 4428 1128 4514 Tudensis,
1155 4428 1256 4504 nobis
1287 4427 1446 4504 exhibita
1472 4429 1690 4514 continebat,
1717 4429 1812 4530 quod
1847 4507 1853 4520 ,

417 4540 501 4614 licet
522 4536 566 4610 ab
586 4536 673 4610 olim
699 4538 832 4612 dictam
858 4536 1051 4614 Ecclesiam
1079 4537 1170 4611 inira
1194 4542 1359 4635 Regnum
1385 4537 1606 4636 Portugaliae
1626 4535 1830 4623 nonnulla,¹
1902 4567 1906 4574 ¹
1946 4588 1949 4596 ,

417 4634 604 4730 Ecclesiae,
622 4647 846 4732 Monasteria,
873 4648 1065 4729 Prioratus,
1095 4644 1263 4743 Capellas,
1289 4645 1415 4721 atalia
1437 4644 1605 4721 beneficia
1626 4643 1812 4721 melsin-

418 4757 502 4838 tica,
523 4752 724 4839 saecularia,
749 4769 786 4828 et
806 4753 997 4853 regsslaria,
1025 4777 1159 4827 necnon
1181 4753 1321 4851 oppida,
1343 4745 1467 4838 Villas,
1490 4753 1626 4839 Castra,
1646 4751 1822 4851 Villegia,

420 4878 458 4938 et
478 4860 556 4933 alia·
569 4859 707 4934 diversa
729 4859 804 4935 loca
826 4863 957 4938 insuia
978 4860 1201 4936 districtibus
1226 4860 1471 4958 appendentiis
1495 4859 1750 4948 membrorum,
1777 4875 1815 4935 et
1882 4878 1888 4888 “

363 5123 365 5126 ,
431 5150 454 5158 ,.
503 5139 545 5217 (1)
567 5141 650 5214 Isson
663 5143 769 5198 uuum
786 5140 946 5215 Stephanus
959 5140 1071 5206 Tritici,
1095 5145 1206 5215 notque
1228 5136 1417 5198 semustum
1436 5139 1567 5217 Erebeis
1587 5127 1728 5206 Taidsmit,
1745 5137 1815 5196 sta
1946 5209 1951 5224 ι

421 5229 495 5295 terso
508 5225 622 5294 eiusdem
637 5222 726 5279 liutto
736 5221 883 5294 mutuatis
896 5219 1004 5293 unitur.
1024 5221 1091 5282 Vide
1103 5223 1211 5291 sures,
1224 5225 1292 5280 tots.
1308 5220 1347 5280 22
1360 5237 1422 5296 cop.
1439 5220 1491 5280 11.
1505 5239 1534 5280 s.
1550 5219 1601 5279 85.
1615 5238 1679 5298 pap,
1694 5217 1764 5278 220·
1908 5220 1914 5230 .

1559 5304 1605 5376 tu
