5134 6450
551 974 555 982 ’
687 992 691 999 ’
771 1009 829 1072 ιιι
848 994 893 1069 de
916 940 1070 1064 lacteae
1091 984 1190 1061 illam
1207 1006 1256 1062 ex
1277 998 1365 1063 tunc
1388 928 1548 1066 detinuit
1573 986 1671 1063 illios
1697 987 1835 1064 fructus
1857 990 2021 1067 redditus
2040 1000 2078 1068 et
2097 964 2203 1091 pro-⁸
2293 1070 2296 1075 ,

771 1114 902 1176 ventus
923 1100 959 1168 in
982 1117 1066 1167 usus
1085 1096 1275 1192 premissos
1296 1093 1384 1169 alias
1406 1109 1524 1171 tameo
1541 1097 1644 1193 jutta
1665 1097 1954 1172 constitutionem
1974 1112 2015 1174 et
2031 1097 2178 1174 ordnu-

770 1211 903 1280 tionem
933 1198 1186 1298 predecessoris
1211 1198 1416 1298 hujusmodl
1442 1203 1681 1276 convertendo
1700 1216 1740 1277 et
1759 1200 1912 1278 dilectus
1934 1202 2030 1277 filios
2049 1206 2180 1301 Magis·

770 1330 829 1386 ter
849 1307 1054 1383 Fernandus
1080 1305 1206 1383 Alteri
1232 1306 1408 1381 dalmeida
1436 1309 1595 1381 notarius
1621 1307 2049 1383 marsumaticum
2068 1312 2181 1407 partis

771 1414 1057 1493 Administrator
1076 1414 1290 1487 auctoritate
1310 1412 1498 1509 apostolica
1519 1414 1713 1510 deputatus
1739 1416 1836 1487 omui
1860 1415 1935 1511 juri
1962 1411 2032 1487 sibi
2058 1414 2097 1487 in
2117 1417 2181 1488 ed·

771 1520 1034 1596 ministratione
1060 1518 1263 1617 hujusmodi
1292 1518 1348 1592 vel
1375 1519 1419 1592 ad
1447 1542 1525 1594 eam
1548 1517 1814 1618 quomodolibet
1837 1520 2056 1619 competenti
2077 1519 2181 1613 illius
2207 1518 2220 1527 ’

770 1629 982 1727 possessione
1003 1648 1067 1723 per
1086 1648 1170 1698 eam
1193 1650 1264 1698 non
1287 1623 1408 1698 habita
1428 1648 1550 1698 eoram
1581 1624 1793 1724 quibusdem
1826 1626 1966 1699 notario
1983 1624 2127 1722 publico
2143 1640 2182 1700 et

769 1733 924 1809 testibus
949 1747 1049 1805 extra
1077 1730 1275 1827 predictam
1302 1732 1440 1804 curiam
1466 1745 1593 1826 sponte
1612 1746 1651 1806 et
1672 1729 1783 1806 libere
1802 1733 1920 1806 cessit
1944 1735 2037 1807 Cum
2059 1745 2180 1807 autem

771 1844 867 1914 sicot
885 1836 1007 1912 eadem
1031 1838 1159 1934 petitio
1178 1835 1414 1935 subjungebat
1438 1860 1563 1910 causae
1589 1839 1780 1934 premissae
1794 1851 1947 1932 propter
1966 1860 2054 1935 quas
2081 1839 2179 1922 unio,
2257 1892 2261 1901 .

769 1943 932 2027 annexis,
959 1957 997 2017 et
1023 1945 1261 2039 incorporatio
1287 1942 1488 2039 praedictae
1512 1942 1558 2016 de
1578 1943 1684 2017 dictis
1704 1942 1866 2039 partibus
1886 1956 1930 2014 ιιι
1951 1945 2182 2037 premittitur

770 2053 884 2124 factae
905 2048 1052 2123 fuerunt
1071 2063 1247 2143 oportune
1267 2049 1456 2147 requirant
1481 2060 1524 2120 ιιι
1545 2049 1708 2131 unionis,
1734 2050 1940 2122 annexionis
1959 2062 1998 2121 et
2019 2050 2181 2146 incorpo-

770 2155 919 2230 rationis
944 2154 990 2227 de
1010 2154 1117 2226 dictis
1142 2153 1306 2251 partibus
1337 2154 1512 2227 laetarum
1546 2152 1751 2251 hujusmodi
1778 2154 1945 2245 mccedat
1969 2150 2118 2227 effectus
2144 2169 2183 2227 et

771 2279 815 2335 ut
836 2284 900 2358 per
920 2260 1122 2357 predictum
1146 2262 1359 2358 Episcopum
1382 2274 1481 2357 gestu
1503 2259 1540 2331 in
1560 2283 1603 2333 eo
1623 2283 1697 2358 quo
1717 2259 1853 2331 dictam
1868 2246 2020 2334 altum
2041 2273 2181 2354 panem

771 2369 873 2466 cujus
893 2368 1143 2464 possessionem
1167 2381 1210 2439 ιιι
1230 2368 1458 2463 premittitur
1475 2364 1697 2460 aptehendit,
1714 2379 1932 2438 concernunt
1949 2377 2088 2437 nostme
2106 2366 2182 2461 opi·

768 2473 958 2548 tulationis
990 2473 1189 2545 ministerio
1215 2470 1420 2544 solidentur
1445 2494 1511 2566 pro
1538 2484 1641 2565 parte
1665 2470 1755 2544 dicti
1782 2468 1923 2546 Aliensi
1948 2470 2058 2565 Regis
2078 2469 2182 2544 nobis

771 2581 843 2652 luit
863 2576 1052 2649 humiliter
1079 2575 1319 2674 supplicatum
1346 2589 1391 2647 ιιι
1416 2574 1602 2671 providere
1622 2598 1728 2670 super
1750 2575 1822 2647 hiis
1841 2574 2035 2648 salubriter
2054 2575 2100 2648 de
2121 2573 2181 2648 bc·

771 2685 947 2779 nignitate
967 2679 1155 2776 apostolica
1178 2681 1415 2776 dignaremur
1440 2685 1513 2755 Nos
1539 2681 1654 2775 igitur
1680 2679 1883 2778 hujusmodi
1915 2679 2182 2777 supplicationi·

771 2789 839 2861 bus
858 2786 1019 2859 inclinati
1042 2785 1258 2858 fraternitati
1280 2800 1364 2859 tuse
1384 2808 1448 2883 per
1468 2784 1661 2882 apostolice
1681 2787 1814 2883 scripta
1835 2786 2070 2870 mandamus.
2095 2810 2183 2886 qua·

769 2898 870 2966 tinus
891 2893 1027 2965 vocatis
1053 2891 1150 2965 dicto
1177 2891 1346 2967 femaodo
1365 2905 1405 2964 et
1424 2890 1506 2964 aliis
1526 2894 1591 2991 qui
1613 2892 1761 2967 fuerunt
1786 2892 1953 2967 evocandi
1980 2894 2011 2965 si
2037 2907 2076 2967 et
2102 2907 2184 2989 post

771 3024 877 3099 quam
906 2998 972 3071 tibi
1001 2994 1224 3072 decessione
1253 2996 1460 3095 hujusmodi
1492 2996 1652 3096 legitime
1683 2999 1886 3072 constiterit
1913 2996 2014 3072 illam
2041 3000 2071 3071 si
2095 2998 2182 3073 alias
2296 3037 2310 3067 ι

770 3109 842 3179 rite
863 3103 1017 3177 admissa
1038 3128 1109 3177 non
1130 3103 1244 3180 luerit
1263 3105 1479 3178 auctoritate
1499 3118 1620 3177 nostra
1637 3101 1704 3177 hac
1721 3107 1798 3179 vice
1815 3103 1984 3177 admittas
2001 3119 2040 3179 ιι
2056 3105 2087 3177 si
2102 3128 2182 3201 pre·

771 3214 880 3283 missa
901 3234 964 3305 per
985 3209 1186 3304 predictum
1208 3210 1497 3308 predecessorum
1524 3224 1667 3308 accepta
1689 3211 1888 3309 reppereris
1909 3212 1959 3283 ita
1980 3233 2053 3285 esse
2074 3234 2183 3309 super

772 3341 846 3416 quo
866 3330 967 3389 tuam
989 3317 1237 3390 coustientiam
1258 3339 1448 3391 oneramus
1469 3319 1661 3402 unionem,
1686 3319 1908 3400 auctionem,
1930 3318 2183 3413 incorporatio·

770 3446 856 3495 nem
882 3420 927 3494 de
951 3420 1059 3493 dictis
1091 3422 1252 3518 pertibus
1277 3420 1385 3496 factas
1410 3446 1451 3495 ac
1478 3423 1617 3498 litteras
1645 3422 1864 3520 supradictas
1899 3444 2035 3498 necnon
2062 3424 2183 3496 omnia

771 3527 841 3600 alia
868 3529 905 3599 in
932 3527 1038 3599 dictis
1063 3525 1199 3602 litteris
1227 3541 1395 3602 contenta
1420 3551 1462 3601 ac
1488 3553 1552 3626 per
1575 3530 1691 3626 ipsum
1714 3527 1999 3625 predecessorem
2026 3528 2118 3602 facts
2146 3530 2181 3601 in

773 3634 868 3707 idem
891 3632 1001 3705 robur
1024 3632 1249 3732 eundemque
1270 3636 1431 3730 vigorem
1455 3636 1492 3705 in
1513 3633 1643 3733 quibus
1666 3649 1748 3709 ante
1768 3638 2028 3711 revocationem
2055 3655 2182 3706 cassas-

772 3741 907 3813 sioncm
941 3753 979 3811 et
1012 3738 1249 3812 irritationem
1277 3741 1455 3836 predictas
1481 3740 1677 3815 extiterant
1696 3741 1821 3815 cadem
1843 3744 2058 3815 securitate
2078 3741 2183 3814 resti-

770 3861 852 3918 tuas
874 3860 912 3918 et
932 3842 1183 3917 nichilominus
1207 3860 1326 3942 partes
1347 3845 1664 3941 predictasmmse
1683 3846 1872 3944 episcopali
1896 3845 2059 3941 Ceptensi
2082 3847 2182 3941 cujus
2249 3904 2260 3918 .

770 3951 913 4024 fructus
941 3949 1103 4023 redditus
1118 3963 1167 4051 ,et
1193 3965 1385 4046 proventus
1406 3934 1562 4025 Centum*
1585 3950 1760 4022 librarum
1782 3947 1964 4021 semilium
1985 3949 2183 4024 secundum

700 4127 704 4138 ,
771 4059 1041 4130 extimationem
1068 4055 1264 4151 predictam
1293 4055 1452 4130 valorem
1478 4078 1638 4128 annuum
1661 4067 1706 4126 ut
1725 4054 1896 4128 asseritur
1916 4076 1987 4127 non
2007 4054 2186 4129 excedunt

772 4162 839 4235 sub
860 4184 966 4235 unere
987 4184 1028 4233 ac
1050 4162 1164 4234 modis
1185 4161 1317 4259 quibus
1338 4163 1424 4235 unio
1442 4163 1594 4234 annexio
1616 4175 1655 4234 et
1676 4161 1914 4258 incorporatio
1936 4159 2119 4256 predictae
2138 4162 2184 4235 de
2277 4254 2280 4259 Ι

774 4266 847 4339 illis
869 4268 981 4339 iactae
1002 4268 1153 4341 suntde
1174 4290 1265 4339 noro
1291 4281 1464 4365 perpetuo
1491 4268 1615 4351 unias,
1645 4267 1846 4363 incorpores
1869 4280 1908 4340 et
1923 4280 2093 4341 *annectas
2113 4268 2183 4341 Ita·

772 4372 867 4473 quod
890 4371 993 4444 liceat
1011 4371 1108 4445 dicto
1130 4374 1301 4471 Episcopo
1322 4396 1389 4469 pro
1409 4387 1569 4468 tempore
1595 4374 1762 4448 existemi
1783 4371 1932 4447 alterius
1953 4396 2048 4445 nunc
2069 4371 2184 4445 admi·

771 4481 964 4553 nistratore
994 4479 1146 4554 carentis
1172 4502 1216 4553 ex
1241 4501 1338 4551 nunc
1363 4480 1409 4552 de
1435 4502 1527 4552 novo
1551 4502 1687 4553 necnon
1707 4476 1868 4575 reliquae
1887 4477 2080 4556 earundem
2104 4502 2183 4575 par·

770 4587 866 4657 tium
900 4607 1007 4683 quam
1045 4584 1203 4678 primum
1236 4581 1336 4655 illam
1367 4583 1476 4657 etiam
1507 4584 1797 4657 administratore
1833 4605 1955 4657 carere
1983 4588 2184 4679 contigeret

772 4692 1026 4787 possessionem
1060 4711 1102 4761 ex
1135 4702 1223 4764 tuuc
1254 4690 1469 4762 auctoritate
1501 4692 1645 4786 propria
1671 4686 1934 4786 apprehendere
1966 4687 2184 4787 illarumque

772 4797 935 4878 fructus,
968 4792 1129 4868 redditus
1152 4809 1192 4867 ιι
1219 4808 1412 4892 protentus
1439 4795 1476 4867 in
1503 4794 1726 4892 supradictos
1753 4816 1834 4867 usos
1855 4809 2064 4870 convertere
2081 4798 2183 4891 juxta
2200 4867 2214 4873 ..

771 4916 935 4975 tenorem
956 4897 1162 4974 litterarum
1184 4899 1427 4995 predictorum
1447 4900 1628 4974 dictorum
1650 4902 1812 4974 Pacensis
1833 4915 1873 4973 ct
1889 4901 2063 4976 ‘ludensis
2083 4902 2183 4995 Epis·
2267 4925 2272 4934 ¹

771 5027 941 5100 caporum
963 5019 1001 5077 et
1020 5007 1260 5103 cujuscunque
1291 5004 1439 5080 alterius
1476 5028 1583 5102 super
1604 5004 1672 5078 hoc
1693 5003 1835 5094 lieentia
1858 5020 1897 5080 et
1919 5027 2091 5081 consensu
2115 5005 2185 5075 mi·

772 5114 869 5186 nime
897 5110 1081 5208 requisitis
1109 5109 1274 5187 volumus
1301 5126 1420 5187 autem
1450 5110 1597 5209 quodsi
1620 5133 1684 5210 per
1707 5127 1745 5187 ιι
1767 5113 2045 5189 restituitionem
2072 5131 2113 5181 ac
2138 5108 2199 5212 de,
