5134 6450
749 974 996 1072 pertinuerant
1021 973 1066 1045 ad
1096 976 1284 1068 Captenses
1317 970 1489 1048 Ecclesiae
1517 952 1692 1073 predictas
1713 973 1856 1071 plenore
1873 975 1954 1071 jure
1976 948 2156 1071 pertinere

750 1081 848 1155 etin
870 1083 943 1179 ipsa
965 1083 1128 1178 Ceptensi
1149 1079 1305 1155 Ecclesia
1327 1105 1392 1179 pro
1414 1083 1529 1157 Missis
1550 1096 1587 1157 et
1607 1080 1684 1155 aliis
1710 1081 1840 1155 divinis
1866 1080 1993 1154 officiis
2015 1079 2154 1154 diurnis

749 1190 885 1285 pariter
906 1201 943 1263 et
968 1191 1152 1262 nocturnis
1173 1190 1336 1264 undecim
1360 1191 1608 1263 canonicorum
1632 1191 1697 1288 qui
1719 1192 1756 1263 in
1777 1187 1971 1262 sacerdotio
1997 1211 2071 1262 esse
2092 1188 2155 1263 de·

749 1293 876 1369 hcrent
897 1299 1085 1370 constituti
1107 1311 1144 1371 et
1164 1299 1200 1370 in
1223 1296 1332 1369 simul
1354 1294 1551 1396 cipitulum
1575 1298 1732 1373 lacerent
1754 1321 1794 1371 ac
1811 1321 1964 1396 quorum
1984 1320 2076 1368 unus
2093 1295 2152 1369 de·

749 1425 856 1474 cauus
877 1406 941 1502 qui
964 1406 1000 1476 in
1023 1402 1086 1477 illa
1106 1419 1143 1480 et
1163 1420 1263 1479 extra
1287 1405 1384 1478 illam
1407 1420 1487 1502 post
1507 1406 1717 1503 Episcopum
1743 1407 1899 1503 primum
1925 1404 2042 1478 locum
2062 1401 2178 1475 obti··

748 1524 851 1583 neret
871 1525 908 1583 et
930 1511 1095 1610 Capitulo
1116 1528 1269 1610 preesset
1291 1537 1425 1588 necnon
1447 1512 1537 1586 alius
1555 1529 1676 1587 cantor
1693 1515 1756 1611 qui
1775 1510 1959 1609 spetialius
1977 1511 2151 1608 respicere
2255 1550 2276 1600 χ

748 1631 933 1691 teneretur
953 1619 1103 1693 chorum
1127 1636 1165 1695 et
1185 1621 1277 1694 alius
1299 1620 1475 1695 Sachrista
1493 1622 1554 1720 qui
1574 1621 1757 1696 custudire
1776 1620 1921 1694 haberet
1941 1621 2152 1694 vestimenta

748 1739 787 1803 et
810 1742 1014 1822 paramenta
1035 1743 1145 1829 atque
1166 1729 1233 1802 alia
1257 1754 1356 1803 sacro
1377 1753 1457 1802 usur
1448 1729 1672 1827 '’deputata
1662 1730 1770 1826 ipsius
1787 1729 1969 1824 Ceptensis
1985 1727 2152 1802 ecclesiae

748 1845 786 1904 et
807 1835 1008 1908 animarum
1030 1860 1153 1910 curam
1175 1839 1337 1912 omnium
1360 1840 1396 1911 in
1418 1838 1544 1912 eadem
1562 1837 1714 1910 Civitate
1738 1835 1974 1908 habitantium
1998 1849 2151 1932 gereret,

748 1938 942 2016 existerent
962 1958 1000 2016 et
1020 1960 1174 2042 quatuor
1195 1945 1348 2020 aliorum
1370 1944 1658 2023 beneficiatorum
1678 1944 1851 2017 duntaxat
1868 1966 2057 2017 numerum
2077 1965 2153 2015 esse

748 2068 789 2117 ae
820 2046 864 2122 dc
897 2050 1072 2125 fructibus
1105 2052 1303 2126 redditibus
1330 2068 1367 2127 et
1393 2052 1623 2150 proventibus
1651 2052 1790 2153 juribus
1816 2048 2086 2124 obventionibus
2112 2064 2157 2147 et

748 2152 997 2231 emolumentis
1018 2162 1176 2256 partium
1197 2161 1437 2257 predictarum
1456 2160 1605 2257 siugulis
1623 2185 1666 2235 ex
1685 2160 1847 2234 undecim
1869 2150 2051 2233 Canomcis
2071 2159 2150 2230 Tri·
2188 2214 2191 2217 .

721 2338 725 2347 ,
750 2262 850 2355 ginta
869 2279 914 2337 et
922 2267 1072 2362 singulis
1088 2291 1132 2342 ex
1149 2269 1227 2341 aliis
1246 2269 1460 2344 beneficiatis
1476 2271 1619 2393 Septem
1637 2293 1720 2343 cum
1738 2266 1886 2339 dimidio
1903 2267 2051 2337 florenos
2069 2266 2149 2336 auri

748 2367 794 2441 de
816 2372 961 2446 Carnem
983 2374 1132 2471 singulis
1153 2378 1269 2453 Annis
1289 2375 1439 2450 cessanti
1460 2378 1558 2448 omni
1580 2376 1815 2460 excusatione,
1833 2373 1965 2470 absque
1988 2372 2060 2444 ulla
2081 2371 2151 2445 dil'-
2192 2436 2195 2443 .

747 2474 906 2553 licultate
927 2480 1109 2557 solvendos
1132 2486 1328 2556 ministrari
1356 2507 1397 2556 ac
1421 2483 1606 2556 residuum
1627 2483 1817 2557 eorundem
1839 2482 2014 2576 Episcopo
2035 2479 2149 2575 prefa-

748 2581 796 2655 tis
817 2609 1001 2662 remanere
1025 2613 1158 2664 necnon
1186 2590 1324 2663 fructus
1350 2589 1512 2664 redditus
1538 2605 1731 2685 proventus
1753 2591 1832 2686 jura
1858 2587 2084 2660 obventiones
2111 2603 2148 2662 et

747 2689 986 2768 emolumenta
1008 2719 1051 2770 ex
1073 2696 1342 2796 quibuscunque
1360 2696 1438 2770 aliis
1456 2721 1565 2796 quam
1587 2697 1632 2768 ab
1655 2698 1736 2794 ipsis
1758 2695 1919 2794 partibus
1937 2694 1982 2767 ad
2001 2696 2147 2768 eandem

689 2838 690 2841 ¹
748 2797 956 2895 Ceptensem
972 2804 1165 2880 Ecclesiam
1181 2804 1411 2904 quovismodo
1428 2804 1667 2902 spectantibus
1685 2803 1791 2879 rebus
1809 2819 1847 2879 et
1865 2802 1965 2876 bonis
1980 2827 2043 2900 pro
2058 2818 2149 2877 tem·

746 2929 832 2998 pore
853 2914 1094 3004 provenientia
1116 2937 1180 3027 pro
1202 2937 1271 2985 una
1294 2914 1463 3010 Episcopo
1490 2928 1527 2987 et
1553 2936 1618 3008 pro
1643 2912 1710 2985 alia
1734 2910 1983 2986 medietatibus
2005 2908 2147 2983 illorum

745 3012 911 3090 undecim
934 3020 1116 3094 Canorucis
1133 3036 1173 3094 et
1189 3035 1342 3119 quatuor
1361 3020 1575 3094 beneficiatis
1592 3020 1738 3115 prelatis
1754 3019 1879 3094 cedere
1896 3017 1941 3092 de
1960 3017 2152 3093 medietate

745 3142 886 3220 quoque
908 3128 1073 3201 undecim
1098 3129 1274 3201 canonicis
1294 3142 1332 3202 et
1335 3142 1504 3253 quatuor
1526 3127 1604 3199 aliis
1627 3125 1837 3201 beneficiatis
1859 3126 2003 3200 cedente
2026 3125 2149 3224 hujus·

747 3228 843 3301 medi
863 3233 1021 3330 singulos
1042 3259 1085 3309 ex
1107 3238 1192 3332 ipsis
1218 3237 1395 3309 canonicis
1420 3234 1577 3333 singulas
1597 3234 1738 3335 equales
1758 3260 1799 3309 ac
1820 3237 1933 3309 dictos
1954 3233 2040 3307 alios
2062 3261 2148 3335 qua·

746 3346 830 3408 tuor
851 3336 1072 3415 beneficiatos
1099 3358 1236 3416 tantam
1264 3358 1432 3442 quantam
1460 3368 1552 3416 unus
1578 3346 1823 3418 canonicorum
1851 3343 2044 3417 eorundem
2068 3368 2147 3440 per·

746 3439 882 3538 ciperet
901 3453 1078 3544 portiones
1099 3454 1280 3548 percipere
1301 3476 1342 3525 ac
1360 3451 1522 3525 undecim
1543 3454 1812 3524 canonicatuum
1832 3467 1868 3526 et
1887 3449 2145 3577 prebendarum
2260 3527 2264 3533 .

705 3639 708 3646 ,
747 3552 811 3645 qui
831 3553 911 3628 aliis
932 3580 1041 3655 quam
1064 3575 1144 3632 actu
1168 3560 1204 3632 in
1226 3559 1416 3633 sacerdotio
1438 3560 1641 3631 constitutis
1661 3561 1816 3655 personis
1838 3560 1997 3633 conferre
2020 3563 2145 3658 nequi·

676 3747 679 3754 s
746 3673 828 3732 rent
849 3679 886 3736 et
906 3682 1059 3763 quatuor
1080 3668 1231 3741 aliorum
1256 3666 1543 3740 beneficiatorum
1566 3665 1727 3741 ecclesiae
1744 3668 1925 3764 Cepteusis
1945 3666 2146 3762 hujusmodi

746 3765 984 3857 collationem,
1006 3777 1256 3870 pmvisionem,
1279 3776 1572 3869 presentationem
1595 3798 1656 3848 seu
1677 3777 1801 3872 quavis
1821 3775 1923 3848 aliam
1952 3772 2146 3867 dispositio·

744 3894 827 3948 nem
851 3881 1150 3978 quotienscunque
1174 3882 1232 3953 ille
1254 3882 1390 3955 fiendae
1407 3897 1644 3956 occurrerent
1653 3880 1796 3953 salvis
1786 3907 1822 3952 ιιι
1852 3877 2016 3953 omnibus
2037 3903 2147 3953 reser-

747 3984 946 4058 vationibus
968 4001 1006 4060 et
1026 3986 1313 4111 dispositionibrrs
1339 3987 1536 4084 apostolicis
1564 4011 1699 4062 necnon
1725 3988 1879 4085 partium
1903 4011 1944 4059 ac
1965 4009 2087 4059 rerum
2111 4004 2149 4062 et

748 4082 919 4166 bonorum
942 4096 1183 4191 predictorum
1207 4097 1366 4191 regimen
1388 4110 1426 4169 et
1447 4096 1787 4169 administrationem
1809 4094 1852 4166 ad
1873 4092 1987 4165 solum
2008 4095 2147 4190 Episco
2195 4091 2203 4098 ”

747 4217 835 4287 pum
857 4202 1032 4297 prefatum
1062 4206 1239 4300 pertinere
1265 4204 1393 4278 debere
1420 4228 1460 4277 ac
1487 4205 1632 4277 irritum
1659 4218 1696 4278 et
1717 4206 1818 4276 inane
1850 4200 2058 4324 nulliusque
2089 4226 2147 4274 ro·

748 4299 843 4378 horis
865 4308 921 4383 vel
946 4315 1115 4384 momenti
1138 4312 1309 4411 quicquid
1330 4325 1453 4383 contra
1475 4326 1634 4386 tenorem
1654 4327 1690 4386 et
1707 4311 1872 4384 ellectum
1895 4310 2149 4405 premissorum

681 4465 686 4474 ·
748 4433 767 4479 a
789 4438 932 4516 quoqua
953 4419 1140 4516 apostolica
1163 4421 1218 4494 rel
1240 4419 1307 4491 alia
1331 4421 1453 4517 quavis
1470 4418 1683 4494 auctoritate
1700 4419 1852 4491 scienter
1871 4417 1953 4491 vel
1945 4432 2148 4541 ignoranter

747 4522 839 4594 circa
861 4550 1052 4604 numerum
1075 4530 1321 4601 canonicorum
1350 4541 1386 4600 et
1412 4550 1640 4622 personarum
1663 4526 1903 4623 predictorum
1925 4549 1965 4597 ae
1987 4526 2148 4620 regimen

749 4642 786 4700 et
807 4632 1147 4710 administrationem
1170 4659 1293 4708 ιειιιιιι
1316 4649 1353 4709 et
1375 4633 1547 4709 laonorum
1571 4634 1725 4730 prefatae
1751 4633 1952 4728 Cepetensis
1972 4631 2150 4706 Ecclesiae
2226 4667 2229 4674 ·

748 4735 957 4835 dispositum
980 4759 1017 4819 et
1038 4745 1242 4817 ordinatum
1267 4742 1358 4818 leret
1379 4754 1443 4814 aut
1462 4742 1600 4839 disponi
1624 4756 1663 4814 et
1682 4739 1838 4813 ordinari
1865 4764 1927 4815 seu
1953 4738 2040 4813 alias
2065 4764 2147 4813 con·

748 4844 902 4946 tingeret
923 4853 1139 4948 attemptari.
1163 4850 1290 4924 Voluit
1310 4865 1430 4924 autem
1454 4850 1633 4947 predictus
1651 4846 1869 4946 predecessor
1886 4847 1979 4947 quod
1997 4850 2026 4920 si
2046 4849 2146 4944 Epis·

748 4974 856 5052 copus
882 4987 947 5060 pro
969 4978 1130 5059 tempore
1156 4957 1420 5057 posthabitam
1448 4957 1589 5054 plenam
1622 4969 1659 5029 et
1685 4957 1862 5052 integram
1896 4958 2147 5052 possessionem

743 5071 905 5174 mnium
928 5070 1167 5166 predictarum
1189 5064 1384 5141 asolutione
1406 5066 1519 5162 partis
1540 5078 1578 5138 et
1598 5064 1822 5161 premittitur
1841 5065 2012 5139 decanum
2037 5068 2197 5137 Cano-

750 5184 846 5256 nicos
867 5194 905 5256 et
925 5176 1148 5253 beneficiatos
1169 5173 1324 5272 prefatos
1344 5174 1587 5270 contingentes
1607 5186 1757 5249 cessaret
1774 5173 1983 5248 sententiam
2006 5189 2147 5244 ercom-
