5134 6450
796 1008 800 1017 ,
895 951 920 1019 7·
971 950 1151 1021 Praeterea
1167 932 1261 1017 inter
1277 942 1644 1039 ipsum-Demunmet
1657 939 1862 1037 Capitulum
1880 964 1924 1015 ex
1941 964 2025 1026 una,
2042 966 2177 1019 necnon

783 1053 949 1138 Clericus,
969 1057 1148 1133 Rectores,
1167 1048 1334 1132 Abbates,
1353 1053 1504 1132 Priores,
1518 1046 1732 1132 Abbatimas,
1750 1049 1947 1134 Priorissas,
1966 1051 2181 1132 Conventus,

784 1159 929 1238 Clerum
952 1175 989 1233 et
1012 1157 1184 1255 Populum
1206 1156 1379 1254 praelatos
1401 1155 1561 1255 partibus
1582 1180 1623 1230 ex
1645 1155 1769 1240 altera,
1796 1180 1903 1253 super
1926 1158 2124 1253 praemissis
2144 1171 2182 1232 et

783 1292 906 1340 eorum
928 1267 1108 1341 occasione
1132 1266 1279 1338 materia
1302 1265 1517 1362 quaestionis
1545 1279 1613 1339 etc.
1635 1266 1745 1337 etsie
1766 1264 1857 1337 linit.
1884 1269 1955 1338 Nos
1957 1315 2178 1337 ..........

782 1375 959 1471 Episcopi,
982 1376 1127 1457 Decani,
1149 1388 1187 1446 et
1206 1372 1363 1468 Capituli
1383 1371 1699 1470 supplicationibus
1716 1369 1889 1453 inclinati,
1909 1393 2001 1469 quae
2018 1394 2124 1467 super
2139 1372 2184 1442 iis

781 1480 825 1555 ab
846 1481 968 1557 eodem
992 1480 1127 1555 Lucida
1147 1478 1327 1554 Cardinali
1349 1480 1491 1577 provida
1514 1478 1607 1553 facta
1629 1488 1726 1562 sunt,
1741 1494 1817 1552 rata
1832 1476 1999 1552 babentes
2015 1493 2054 1551 et
2066 1491 2179 1575 grata,

781 1587 982 1688 dictamque
1004 1588 1212 1664 sententiam
1234 1589 1447 1662 auctoritate
1468 1585 1668 1684 Apostolica
1688 1586 1950 1670 moeremus,
1975 1585 2179 1660 discretioni

782 1711 920 1770 vestrae
939 1721 1003 1793 per
1025 1693 1226 1792 Apostolica
1253 1696 1385 1791 scripta
1414 1695 1634 1779 mandamus,
1656 1695 1824 1793 quatinus
1851 1718 1913 1767 vos
1933 1691 1990 1767 rel
2011 1693 2097 1776 duo,
2119 1704 2183 1765 aut

672 1828 676 1835 ·
782 1829 874 1877 unus
896 1819 1069 1886 restrum,
1091 1824 1237 1899 perros
1257 1802 1315 1877 vel
1338 1801 1463 1886 alium,
1485 1827 1548 1877 seu
1570 1800 1700 1897 aliosp
1702 1854 1854 1874 .......
1877 1800 2104 1874 restitutione
2121 1798 2182 1872 de·

782 1910 856 1985 bite
878 1910 1086 1984 demandari.
1114 1911 1354 2006 Episcopum,
1380 1915 1586 1993 Damnum,
1612 1924 1650 1983 et
1670 1906 2095 2006 Capitulumpraelatos,
2123 1905 2179 1979 vel

783 2032 1031 2114 procuratores
1045 2043 1136 2103 suos,
1152 2018 1310 2114 ipsorum
1328 2033 1365 2091 et
1377 2017 1565 2113 cujuslibet
1577 2041 1700 2092 eonrm
1716 2018 1859 2108 nomine
1872 2029 2046 2114 quantum
2062 2014 2179 2109 ipsum
2230 2022 2239 2041 ¹

782 2127 971 2221 contingit,
989 2126 1033 2197 ad
1052 2124 1269 2221 corporalem
1288 2128 1547 2220 possessionem,
1563 2124 1620 2197 uel
1632 2127 1731 2223 quasi
1745 2122 2001 2220 jurisdictionis
2017 2119 2181 2195 obedieu-

783 2233 855 2307 tiae
873 2233 1023 2331 jurium,
1051 2232 1251 2315 fructuum,
1278 2233 1498 2317 reddituum,
1522 2248 1559 2306 et
1581 2245 1819 2329 proventuum
1843 2232 1886 2304 ad
1912 2231 2001 2327 ipsos
2021 2251 2183 2301 commu·
2209 2252 2228 2287 ο

782 2342 881 2414 niter
898 2340 954 2413 vel
975 2340 1142 2422 divisim,
1168 2355 1207 2415 et
1233 2364 1372 2415 mensas
1396 2340 1634 2439 Episcopalem
1658 2356 1695 2412 et
1717 2338 1955 2435 capitularem
1980 2334 2182 2433 hujusmodi

780 2448 1053 2545 pertinentium,
1074 2449 1200 2520 amotis
1220 2447 1347 2520 exinde
1367 2448 1475 2521 dictis
1496 2447 1659 2529 Clericis,
1680 2447 1898 2529 restituatis,
1924 2460 1963 2518 et
1985 2444 2183 2539 reintegre-

780 2557 853 2628 tis:
875 2558 1039 2652 ipsosque
1062 2556 1288 2629 restitutores
1289 2607 1535 2627 ...........
1561 2556 1776 2649 exigentiam
1803 2552 1968 2627 &cudat
1979 2603 2157 2623 ........
2170 2556 2180 2621 2

781 2662 947 2736 facientes
968 2686 1031 2758 per
1053 2659 1222 2746 Clericos,
1251 2667 1433 2743 Rectores,
1458 2660 1628 2744 Abbates,
1656 2662 1809 2743 Priores,
1835 2659 2058 2742 Abbatissas,
2087 2659 2182 2731 Prio-

781 2770 897 2852 rissas,
911 2769 1133 2851 Conventus,
1155 2767 1299 2841 Clerum
1320 2783 1359 2843 et
1383 2768 1554 2865 populum
1578 2769 1768 2865 praelatos,
1787 2769 1918 2841 'loanni
1946 2768 2116 2862 Episcopo
2144 2779 2184 2839 et

780 2876 1040 2949 successoribus
1068 2878 1140 2948 suis
1168 2875 1390 2950 Tudeusibus
1419 2879 1599 2973 Episcopis
1622 2900 1692 2973 -pro
1713 2892 1887 2972 tempore,
1911 2899 1953 2947 ac
1976 2879 2117 2949 Decano
2144 2887 2181 2948 et

782 2981 947 3079 Capitulo
968 2984 1169 3079 praedictis,
1191 2984 1433 3059 communiter
1456 2983 1509 3058 vel
1534 2985 1690 3069 divisim,
1712 3000 1884 3083 quantum
1905 2980 2103 3081 qurernlibst
2128 2980 2179 3076 ip

783 3114 905 3169 sorum
929 3091 1120 3186 contingit,
1148 3089 1401 3176 obedientiam,
1429 3094 1683 3177 reverentiam,
1705 3107 1743 3167 et
1765 3091 1932 3164 bonorem
1955 3087 2021 3162 sibi
2042 3086 2181 3160 debitos

780 3194 952 3282 exbiberi,
974 3211 1011 3272 et
1031 3198 1077 3271 dc
1098 3196 1287 3294 praedictis
1315 3202 1490 3298 perceptis
1518 3199 1718 3286 fructibus,
1743 3215 1781 3275 et
1801 3200 2017 3273 florenorum
2040 3216 2179 3268 summa

780 3327 849 3401 pro
869 3302 1214 3402 deductisespensis
1230 3308 1331 3403 juxta
1335 3360 1556 3382 ..........
1557 3364 1581 3405 .·
1600 3311 1706 3382 nistri
1724 3306 1914 3383 earundem
1933 3302 2180 3401 condcpnatio·

779 3411 836 3483 nis
857 3426 896 3486 et
916 3414 1108 3486 taxationis
1128 3426 1299 3499 tenorem,
1322 3414 1464 3511 plenam
1484 3432 1522 3489 et
1541 3416 1699 3490 debitam
1718 3415 1990 3490 satisfactionem
2012 3411 2180 3509 impendi,

779 3512 1057 3594 contradictores
1081 3543 1145 3615 per
1165 3544 1352 3620 censuram
1384 3521 1668 3598 Ecclesiasticam
1701 3522 1935 3622 appellatione
1966 3520 2180 3618 postposita.

781 3625 1044 3723 compescendo.
1076 3631 1209 3702 Datum
1243 3632 1376 3704 Romae
1397 3631 1489 3727 apud
1509 3635 1674 3707 Sanctam
1701 3632 1849 3708 Mariam
1877 3631 2047 3728 majorem
2073 3628 2179 3707 xvl.

693 3735 697 3741 ’
781 3733 862 3807 Kal.
884 3735 1083 3816 lanuarias,
1105 3735 1336 3810 Pontificatus
1356 3739 1469 3811 nostri
1492 3764 1582 3813 anno
1605 3755 1718 3815 sexto.

790 3895 796 3900 -
891 3844 913 3912 8
969 3840 1130 3915 Alterius
1151 3866 1236 3917 vero
1257 3841 1383 3918 literae
1399 3850 1619 3921 executoriae
1631 3847 1803 3920 uidelicet
1825 3850 1859 3916 in
1879 3846 1992 3918 sorma
2015 3839 2184 3920 Exhibita

782 3962 997 4043 nuncupata,
1017 3961 1120 4023 tenor
1140 3947 1187 4024 de
1206 3948 1316 4026 verbu
1335 3950 1381 4024 ad
1403 3951 1553 4025 verbum
1575 3952 1749 4050 sequitur,
1770 3966 1808 4025 et
1825 3966 1882 4026 est
1900 3949 1993 4025 talis.
2013 3950 2180 4023 MARTI·

709 4139 712 4146 ,
783 4058 872 4131 NUS
890 4057 1081 4153 Episcopus
1101 4080 1224 4131 servus
1236 4081 1430 4134 serrorum
1448 4061 1526 4134 Dei.
1546 4058 1815 4135 Venerabttibus
1832 4058 2004 4132 fratribus
2021 4056 2180 4147 Electep·

782 4161 826 4246 si,
848 4178 886 4237 et
907 4164 1138 4238 Mindoniensi
1168 4166 1371 4262 Episcopis,
1399 4192 1441 4241 ac
1467 4166 1609 4241 dilectis
1629 4166 1704 4240 filio
1724 4165 1867 4241 officlali
1889 4168 2066 4251 duriensi,
2089 4162 2181 4237 salu·

783 4282 858 4348 tem
882 4284 920 4344 et
940 4270 1180 4365 Apostolicam
1203 4270 1494 4349 benedictionem.
1519 4274 1686 4349 Exhibita
1708 4273 1810 4349 nobis
1830 4299 1896 4371 pro
1917 4287 2017 4372 parte
2038 4294 2182 4347 reuera·

782 4373 867 4450 bilis
892 4376 1012 4449 fratris
1033 4381 1147 4451 nostri
1169 4381 1317 4453 loannis
1337 4382 1501 4479 Episcopi
1523 4381 1708 4466 Tudensis,
1729 4396 1768 4458 et
1786 4381 1998 4455 dilectorum
2022 4379 2180 4453 liliorum

783 4485 917 4570 Decani
939 4497 977 4559 et
997 4485 1154 4581 Capituli
1176 4484 1352 4563 Ecclesiae
1372 4488 1561 4573 Tudensis,
1587 4491 1715 4587 petitio
1733 4488 1953 4573 continebat,
1975 4488 2071 4589 quod
2092 4485 2181 4560 clim

782 4590 849 4686 ipsi
873 4593 909 4670 iu
930 4613 1031 4681 musa
1054 4617 1116 4687 per
1138 4616 1196 4666 eos
1216 4607 1338 4667 eontra
1359 4594 1505 4671 dilectos
1526 4595 1619 4671 filios
1638 4602 1817 4672 mnam,
1835 4596 1978 4672 Alsonsi
2003 4620 2067 4692 pru
2092 4595 2181 4670 (lan,-

636 4799 638 4804 ⁴
784 4712 862 4775 tore
883 4697 1125 4797 Portugalensi
1146 4715 1184 4773 et
1204 4699 1506 4784 Administratore
1526 4706 1679 4779 Tudensi
1700 4704 1737 4776 in
1756 4707 1859 4779 Parte
1877 4706 1990 4802 Regni
2010 4709 2182 4800 Pop-tuga.

784 4802 850 4880 liae
873 4806 1124 4891 Ecdesiarum,
1146 4827 1278 4882 necnon
1302 4808 1562 4886 Gundisalrum
1584 4812 1742 4895 Martini,
1762 4816 1932 4887 loannem
1956 4812 2121 4900 Roderici
2139 4809 2184 4884 de

782 4910 976 5010 Felgueyra
999 4940 1064 5010 pro
1085 4916 1272 4989 Canonicis
1293 4931 1331 4991 et
1350 4918 1572 5013 generalibus
1594 4919 1744 4993 vtesriis
1761 4920 1935 4994 Ecclesiae
1956 4921 2127 4996 ‘ludensis
2146 4920 2181 4989 in

783 5034 884 5114 parte
905 5023 1020 5118 Regni
1045 5021 1274 5120 hujusmodi,
1304 5023 1475 5099 Aliarum
1501 5026 1638 5101 Aliensi
1664 5053 1727 5127 pro
1746 5028 1792 5102 de
1814 5032 2007 5126 Cerrcyra,
2036 5026 2182 5101 tioderi-

783 5151 864 5203 cum
890 5130 1034 5204 loannis
1054 5153 1119 5226 pro
1145 5128 1189 5206 de
1214 5128 1385 5206 Alabruia
1423 5132 1717 5222 Arcbidiaconis,
1744 5136 1957 5213 Rodsricunr
1985 5132 2181 5230 Stephani,
2275 5165 2277 5172 ⁴
