<?xml version="1.0" encoding="UTF-8"?>
<!DOCTYPE html PUBLIC "-//W3C//DTD XHTML 1.0 Transitional//EN"
    "http://www.w3.org/TR/xhtml1/DTD/xhtml1-transitional.dtd">
<html xmlns="http://www.w3.org/1999/xhtml" xml:lang="en" lang="en">
 <head>
  <title>
</title>
<meta http-equiv="Content-Type" content="text/html;charset=utf-8" />
  <meta name='ocr-system' content='tesseract 3.04.00' />
  <meta name='ocr-capabilities' content='ocr_page ocr_carea ocr_par ocr_line ocrx_word'/>
</head>
<body>
  <div class='ocr_page' id='page_1' title='image "./memoriahistrica00jordgoog_0118.png"; bbox 0 0 5134 6450; ppageno 0'>
   <div class='ocr_carea' id='block_1_1' title="bbox 1381 778 1505 909">
    <p class='ocr_par' dir='ltr' id='par_1_1' title="bbox 1381 778 1505 909">
     <span class='ocr_line' id='line_1_1' title="bbox 1381 778 1505 909; baseline -0.145 0"><span class='ocrx_word' id='word_1_1' title='bbox 1381 778 1505 909; x_wconf 79' lang='lat' dir='ltr'><strong>lua</strong></span> 
     </span>
    </p>
   </div>
   <div class='ocr_carea' id='block_1_2' title="bbox 681 945 2166 2213">
    <p class='ocr_par' dir='ltr' id='par_1_2' title="bbox 681 945 2166 2213">
     <span class='ocr_line' id='line_1_2' title="bbox 742 945 2147 1046; baseline 0 -23"><span class='ocrx_word' id='word_1_2' title='bbox 742 951 864 1026; x_wconf 81' lang='lat' dir='ltr'><strong>clasiae</strong></span> <span class='ocrx_word' id='word_1_3' title='bbox 890 951 1020 1045; x_wconf 80' lang='lat' dir='ltr'><strong>ccipias</strong></span> <span class='ocrx_word' id='word_1_4' title='bbox 1047 945 1229 1020; x_wconf 79' lang='lat' dir='ltr'><strong>fidelitatis</strong></span> <span class='ocrx_word' id='word_1_5' title='bbox 1255 946 1396 1021; x_wconf 78' lang='lat' dir='ltr'>debitae</span> <span class='ocrx_word' id='word_1_6' title='bbox 1417 946 1566 1022; x_wconf 86' lang='lat' dir='ltr'><strong>solitum</strong></span> <span class='ocrx_word' id='word_1_7' title='bbox 1591 962 1744 1043; x_wconf 84' lang='lat' dir='ltr'><strong>praestes</strong></span> <span class='ocrx_word' id='word_1_8' title='bbox 1758 952 1968 1046; x_wconf 76' lang='lat' dir='ltr'><strong>juramenti</strong></span> <span class='ocrx_word' id='word_1_9' title='bbox 1987 951 2053 1025; x_wconf 90' lang='lat' dir='ltr'><strong>sub</strong></span> <span class='ocrx_word' id='word_1_10' title='bbox 2075 953 2147 1029; x_wconf 53' lang='lat' dir='ltr'><strong>lor,</strong></span> 
     </span>
     <span class='ocr_line' id='line_1_3' title="bbox 729 1050 2148 1157; baseline 0.004 -28"><span class='ocrx_word' id='word_1_11' title='bbox 729 1083 788 1157; x_wconf 78' lang='lat' dir='ltr'><strong>ma</strong></span> <span class='ocrx_word' id='word_1_12' title='bbox 807 1083 916 1156; x_wconf 87' lang='lat' dir='ltr'><strong>quam</strong></span> <span class='ocrx_word' id='word_1_13' title='bbox 937 1050 1208 1127; x_wconf 80' lang='lat' dir='ltr'><strong>venerabilibus</strong></span> <span class='ocrx_word' id='word_1_14' title='bbox 1227 1052 1400 1146; x_wconf 81' lang='lat' dir='ltr'><strong>fratribus</strong></span> <span class='ocrx_word' id='word_1_15' title='bbox 1419 1056 1550 1128; x_wconf 84' lang='lat' dir='ltr'><strong>nostris</strong></span> <span class='ocrx_word' id='word_1_16' title='bbox 1568 1053 1741 1133; x_wconf 65' lang='lat' dir='ltr'><strong>Elboreb:</strong></span> <span class='ocrx_word' id='word_1_17' title='bbox 1760 1071 1798 1139; x_wconf 84' lang='lat' dir='ltr'><strong>et</strong></span> <span class='ocrx_word' id='word_1_18' title='bbox 1817 1058 2026 1133; x_wconf 76' lang='lat' dir='ltr'><strong>Maioriced:</strong></span> <span class='ocrx_word' id='word_1_19' title='bbox 2047 1063 2148 1156; x_wconf 79' lang='lat' dir='ltr'><strong>Epis.-</strong></span> 
     </span>
     <span class='ocr_line' id='line_1_4' title="bbox 725 1158 2158 1260; baseline 0.003 -26"><span class='ocrx_word' id='word_1_20' title='bbox 725 1167 820 1260; x_wconf 90' lang='lat' dir='ltr'><strong>eopis</strong></span> <span class='ocrx_word' id='word_1_21' title='bbox 841 1162 907 1233; x_wconf 89' lang='lat' dir='ltr'><strong>sub</strong></span> <span class='ocrx_word' id='word_1_22' title='bbox 929 1160 1025 1233; x_wconf 87' lang='lat' dir='ltr'><strong>bulla</strong></span> <span class='ocrx_word' id='word_1_23' title='bbox 1050 1173 1168 1239; x_wconf 87' lang='lat' dir='ltr'><strong>nostra</strong></span> <span class='ocrx_word' id='word_1_24' title='bbox 1191 1161 1373 1233; x_wconf 84' lang='lat' dir='ltr'><strong>mittimus</strong></span> <span class='ocrx_word' id='word_1_25' title='bbox 1397 1158 1651 1247; x_wconf 85' lang='lat' dir='ltr'><strong>interclusam,</strong></span> <span class='ocrx_word' id='word_1_26' title='bbox 1680 1161 1811 1259; x_wconf 86' lang='lat' dir='ltr'><strong>quibus</strong></span> <span class='ocrx_word' id='word_1_27' title='bbox 1839 1177 2021 1237; x_wconf 85' lang='lat' dir='ltr'><strong>eteorum</strong></span> <span class='ocrx_word' id='word_1_28' title='bbox 2044 1165 2158 1238; x_wconf 72' lang='lat' dir='ltr'><strong>ouili:</strong></span> 
     </span>
     <span class='ocr_line' id='line_1_5' title="bbox 725 1262 2146 1362; baseline 0.006 -22"><span class='ocrx_word' id='word_1_29' title='bbox 725 1269 786 1341; x_wconf 87' lang='lat' dir='ltr'><strong>bet</strong></span> <span class='ocrx_word' id='word_1_30' title='bbox 812 1292 877 1362; x_wconf 88' lang='lat' dir='ltr'><strong>per</strong></span> <span class='ocrx_word' id='word_1_31' title='bbox 903 1267 990 1340; x_wconf 91' lang='lat' dir='ltr'><strong>alias</strong></span> <span class='ocrx_word' id='word_1_32' title='bbox 1017 1280 1156 1341; x_wconf 87' lang='lat' dir='ltr'><strong>nostras</strong></span> <span class='ocrx_word' id='word_1_33' title='bbox 1184 1262 1325 1340; x_wconf 78' lang='lat' dir='ltr'><strong>litteras</strong></span> <span class='ocrx_word' id='word_1_34' title='bbox 1353 1269 1568 1357; x_wconf 71' lang='lat' dir='ltr'><strong>mandamus</strong></span> <span class='ocrx_word' id='word_1_35' title='bbox 1588 1283 1631 1346; x_wconf 85' lang='lat' dir='ltr'><strong>ut</strong></span> <span class='ocrx_word' id='word_1_36' title='bbox 1657 1263 1677 1339; x_wconf 83' lang='lat' dir='ltr'><strong>d</strong></span> <span class='ocrx_word' id='word_1_37' title='bbox 1705 1283 1741 1346; x_wconf 83' lang='lat' dir='ltr'><strong>te</strong></span> <span class='ocrx_word' id='word_1_38' title='bbox 1768 1282 1888 1345; x_wconf 84' lang='lat' dir='ltr'><strong>nostro</strong></span> <span class='ocrx_word' id='word_1_39' title='bbox 1909 1284 1946 1341; x_wconf 90' lang='lat' dir='ltr'><strong>et</strong></span> <span class='ocrx_word' id='word_1_40' title='bbox 1966 1276 2146 1350; x_wconf 79' lang='lat' dir='ltr'>Romanae</span> 
     </span>
     <span class='ocr_line' id='line_1_6' title="bbox 713 1371 2157 1473; baseline 0.005 -30"><span class='ocrx_word' id='word_1_41' title='bbox 713 1374 899 1448; x_wconf 67' lang='lat' dir='ltr'><strong>vlimclesiae</strong></span> <span class='ocrx_word' id='word_1_42' title='bbox 923 1376 1065 1446; x_wconf 89' lang='lat' dir='ltr'><strong>nomine</strong></span> <span class='ocrx_word' id='word_1_43' title='bbox 1087 1371 1293 1467; x_wconf 83' lang='lat' dir='ltr'><strong>hujusmodi·</strong></span> <span class='ocrx_word' id='word_1_44' title='bbox 1310 1374 1500 1469; x_wconf 81' lang='lat' dir='ltr'><strong>recipiant,</strong></span> <span class='ocrx_word' id='word_1_45' title='bbox 1530 1389 1594 1448; x_wconf 85' lang='lat' dir='ltr'><strong>aut</strong></span> <span class='ocrx_word' id='word_1_46' title='bbox 1619 1397 1749 1451; x_wconf 86' lang='lat' dir='ltr'><strong>eorum.</strong></span> <span class='ocrx_word' id='word_1_47' title='bbox 1767 1374 1860 1459; x_wconf 83' lang='lat' dir='ltr'><strong>alter</strong></span> <span class='ocrx_word' id='word_1_48' title='bbox 1882 1375 2032 1471; x_wconf 83' lang='lat' dir='ltr'><strong>recipiat</strong></span> <span class='ocrx_word' id='word_1_49' title='bbox 2048 1379 2157 1473; x_wconf 62' lang='lat' dir='ltr'><strong>juru&#39;</strong></span> 
     </span>
     <span class='ocr_line' id='line_1_7' title="bbox 724 1479 2146 1575; baseline 0.004 -24"><span class='ocrx_word' id='word_1_50' title='bbox 724 1495 898 1553; x_wconf 87' lang='lat' dir='ltr'><strong>mentum.</strong></span> <span class='ocrx_word' id='word_1_51' title='bbox 921 1480 1099 1573; x_wconf 84' lang='lat' dir='ltr'><strong>Quocirca</strong></span> <span class='ocrx_word' id='word_1_52' title='bbox 1121 1479 1339 1551; x_wconf 78' lang='lat' dir='ltr'><strong>fraternitati</strong></span> <span class='ocrx_word' id='word_1_53' title='bbox 1357 1493 1441 1552; x_wconf 89' lang='lat' dir='ltr'><strong>tuae</strong></span> <span class='ocrx_word' id='word_1_54' title='bbox 1460 1504 1524 1574; x_wconf 93' lang='lat' dir='ltr'><strong>per</strong></span> <span class='ocrx_word' id='word_1_55' title='bbox 1543 1479 1745 1574; x_wconf 82' lang='lat' dir='ltr'><strong>Apostoliea</strong></span> <span class='ocrx_word' id='word_1_56' title='bbox 1774 1481 1906 1575; x_wconf 87' lang='lat' dir='ltr'><strong>scripta</strong></span> <span class='ocrx_word' id='word_1_57' title='bbox 1936 1483 2146 1557; x_wconf 80' lang='lat' dir='ltr'><strong>mandamus</strong></span> 
     </span>
     <span class='ocr_line' id='line_1_8' title="bbox 722 1584 2166 1683; baseline 0 -25"><span class='ocrx_word' id='word_1_58' title='bbox 722 1602 898 1682; x_wconf 89' lang='lat' dir='ltr'><strong>quatenus</strong></span> <span class='ocrx_word' id='word_1_59' title='bbox 923 1588 965 1658; x_wconf 85' lang='lat' dir='ltr'><strong>ad</strong></span> <span class='ocrx_word' id='word_1_60' title='bbox 989 1585 1183 1680; x_wconf 83' lang='lat' dir='ltr'><strong>praefatam</strong></span> <span class='ocrx_word' id='word_1_61' title='bbox 1212 1587 1371 1679; x_wconf 78' lang='lat' dir='ltr'><strong>Copten:</strong></span> <span class='ocrx_word' id='word_1_62' title='bbox 1402 1584 1597 1675; x_wconf 74' lang='lat' dir='ltr'><strong>Ecclesiam</strong></span> <span class='ocrx_word' id='word_1_63' title='bbox 1624 1611 1709 1659; x_wconf 74' lang='lat' dir='ltr'><strong>earm</strong></span> <span class='ocrx_word' id='word_1_64' title='bbox 1737 1590 1854 1683; x_wconf 88' lang='lat' dir='ltr'><strong>gratia</strong></span> <span class='ocrx_word' id='word_1_65' title='bbox 1879 1603 2016 1661; x_wconf 86' lang='lat' dir='ltr'><strong>nostrae</strong></span> <span class='ocrx_word' id='word_1_66' title='bbox 2039 1591 2166 1663; x_wconf 53' lang='lat' dir='ltr'><strong>Benea‘</strong></span> 
     </span>
     <span class='ocr_line' id='line_1_9' title="bbox 709 1691 2146 1791; baseline -0.003 -26"><span class='ocrx_word' id='word_1_67' title='bbox 709 1692 889 1765; x_wconf 77' lang='lat' dir='ltr'><strong>,dictionis</strong></span> <span class='ocrx_word' id='word_1_68' title='bbox 913 1692 1081 1765; x_wconf 85' lang='lat' dir='ltr'><strong>accedens</strong></span> <span class='ocrx_word' id='word_1_69' title='bbox 1102 1713 1224 1773; x_wconf 89' lang='lat' dir='ltr'><strong>curam</strong></span> <span class='ocrx_word' id='word_1_70' title='bbox 1248 1704 1285 1761; x_wconf 88' lang='lat' dir='ltr'><strong>et</strong></span> <span class='ocrx_word' id='word_1_71' title='bbox 1306 1691 1649 1765; x_wconf 85' lang='lat' dir='ltr'><strong>administrationem</strong></span> <span class='ocrx_word' id='word_1_72' title='bbox 1679 1693 1876 1789; x_wconf 88' lang='lat' dir='ltr'><strong>praedictas</strong></span> <span class='ocrx_word' id='word_1_73' title='bbox 1902 1696 1953 1766; x_wconf 89' lang='lat' dir='ltr'><strong>sic</strong></span> <span class='ocrx_word' id='word_1_74' title='bbox 1978 1694 2146 1791; x_wconf 48' lang='lat' dir='ltr'><strong>dilligena</strong></span> 
     </span>
     <span class='ocr_line' id='line_1_10' title="bbox 721 1796 2144 1895; baseline 0.002 -27"><span class='ocrx_word' id='word_1_75' title='bbox 721 1812 779 1869; x_wconf 91' lang='lat' dir='ltr'><strong>ter</strong></span> <span class='ocrx_word' id='word_1_76' title='bbox 802 1822 904 1894; x_wconf 83' lang='lat' dir='ltr'><strong>geras</strong></span> <span class='ocrx_word' id='word_1_77' title='bbox 927 1813 964 1871; x_wconf 88' lang='lat' dir='ltr'><strong>et</strong></span> <span class='ocrx_word' id='word_1_78' title='bbox 986 1796 1138 1869; x_wconf 86' lang='lat' dir='ltr'><strong>sollicite</strong></span> <span class='ocrx_word' id='word_1_79' title='bbox 1161 1797 1412 1893; x_wconf 80' lang='lat' dir='ltr'><strong>prosequaris,</strong></span> <span class='ocrx_word' id='word_1_80' title='bbox 1440 1797 1539 1894; x_wconf 88' lang='lat' dir='ltr'><strong>quod</strong></span> <span class='ocrx_word' id='word_1_81' title='bbox 1558 1799 1631 1893; x_wconf 88' lang='lat' dir='ltr'><strong>ipsa</strong></span> <span class='ocrx_word' id='word_1_82' title='bbox 1656 1802 1813 1894; x_wconf 74' lang='lat' dir='ltr'><strong>eeptenz·</strong></span> <span class='ocrx_word' id='word_1_83' title='bbox 1836 1799 1990 1872; x_wconf 82' lang='lat' dir='ltr'><strong>Ecclesia</strong></span> <span class='ocrx_word' id='word_1_84' title='bbox 2013 1801 2144 1895; x_wconf 83' lang='lat' dir='ltr'><strong>guber-</strong></span> 
     </span>
     <span class='ocr_line' id='line_1_11' title="bbox 720 1901 2143 2000; baseline 0.004 -27"><span class='ocrx_word' id='word_1_85' title='bbox 720 1907 839 1976; x_wconf 90' lang='lat' dir='ltr'><strong>natori</strong></span> <span class='ocrx_word' id='word_1_86' title='bbox 867 1903 1014 2000; x_wconf 87' lang='lat' dir='ltr'><strong>provido</strong></span> <span class='ocrx_word' id='word_1_87' title='bbox 1036 1918 1073 1976; x_wconf 91' lang='lat' dir='ltr'><strong>et</strong></span> <span class='ocrx_word' id='word_1_88' title='bbox 1096 1901 1277 1974; x_wconf 81' lang='lat' dir='ltr'><strong>fructuoso</strong></span> <span class='ocrx_word' id='word_1_89' title='bbox 1304 1904 1586 1985; x_wconf 80' lang='lat' dir='ltr'><strong>administratori</strong></span> <span class='ocrx_word' id='word_1_90' title='bbox 1611 1904 1763 1999; x_wconf 79' lang='lat' dir='ltr'><strong>gaudeat</strong></span> <span class='ocrx_word' id='word_1_91' title='bbox 1783 1928 1820 1977; x_wconf 86' lang='lat' dir='ltr'><strong>se</strong></span> <span class='ocrx_word' id='word_1_92' title='bbox 1841 1907 2079 1990; x_wconf 83' lang='lat' dir='ltr'><strong>commissam,</strong></span> <span class='ocrx_word' id='word_1_93' title='bbox 2101 1931 2143 1978; x_wconf 90' lang='lat' dir='ltr'><strong>ac</strong></span> 
     </span>
     <span class='ocr_line' id='line_1_12' title="bbox 724 2006 2147 2095; baseline 0.002 -17"><span class='ocrx_word' id='word_1_94' title='bbox 724 2007 832 2081; x_wconf 89' lang='lat' dir='ltr'><strong>bonae</strong></span> <span class='ocrx_word' id='word_1_95' title='bbox 861 2006 973 2082; x_wconf 87' lang='lat' dir='ltr'><strong>lamae</strong></span> <span class='ocrx_word' id='word_1_96' title='bbox 1000 2025 1084 2080; x_wconf 88' lang='lat' dir='ltr'><strong>tuae</strong></span> <span class='ocrx_word' id='word_1_97' title='bbox 1110 2008 1197 2083; x_wconf 90' lang='lat' dir='ltr'><strong>odor</strong></span> <span class='ocrx_word' id='word_1_98' title='bbox 1224 2032 1267 2081; x_wconf 82' lang='lat' dir='ltr'><strong>ex</strong></span> <span class='ocrx_word' id='word_1_99' title='bbox 1291 2006 1528 2080; x_wconf 87' lang='lat' dir='ltr'><strong>laudabilibus</strong></span> <span class='ocrx_word' id='word_1_100' title='bbox 1554 2011 1628 2095; x_wconf 79' lang='lat' dir='ltr'><strong>tuis</strong></span> <span class='ocrx_word' id='word_1_101' title='bbox 1652 2010 1791 2085; x_wconf 87' lang='lat' dir='ltr'><strong>actibus</strong></span> <span class='ocrx_word' id='word_1_102' title='bbox 1815 2009 1942 2089; x_wconf 89' lang='lat' dir='ltr'><strong>lact-ius</strong></span> <span class='ocrx_word' id='word_1_103' title='bbox 1964 2009 2147 2084; x_wconf 56' lang='lat' dir='ltr'><strong>diffunde.</strong></span> 
     </span>
     <span class='ocr_line' id='line_1_13' title="bbox 681 2113 2147 2213; baseline 0.005 -31"><span class='ocrx_word' id='word_1_104' title='bbox 681 2128 683 2139; x_wconf 76' lang='grc'><strong><em>’</em></strong></span> <span class='ocrx_word' id='word_1_105' title='bbox 725 2129 796 2195; x_wconf 92' lang='lat' dir='ltr'><strong>tur,</strong></span> <span class='ocrx_word' id='word_1_106' title='bbox 822 2130 934 2213; x_wconf 84' lang='lat' dir='ltr'><strong>tuque</strong></span> <span class='ocrx_word' id='word_1_107' title='bbox 962 2129 1102 2212; x_wconf 87' lang='lat' dir='ltr'><strong>praeter</strong></span> <span class='ocrx_word' id='word_1_108' title='bbox 1124 2127 1267 2187; x_wconf 85' lang='lat' dir='ltr'><strong>eternae</strong></span> <span class='ocrx_word' id='word_1_109' title='bbox 1290 2113 1538 2186; x_wconf 88' lang='lat' dir='ltr'><strong>retributionis</strong></span> <span class='ocrx_word' id='word_1_110' title='bbox 1563 2120 1765 2209; x_wconf 88' lang='lat' dir='ltr'><strong>praemium</strong></span> <span class='ocrx_word' id='word_1_111' title='bbox 1788 2129 1945 2195; x_wconf 87' lang='lat' dir='ltr'><strong>nostram</strong></span> <span class='ocrx_word' id='word_1_112' title='bbox 1968 2131 2006 2188; x_wconf 87' lang='lat' dir='ltr'><strong>et</strong></span> <span class='ocrx_word' id='word_1_113' title='bbox 2029 2120 2147 2212; x_wconf 52' lang='lat' dir='ltr'><strong>Aposa</strong></span> 
     </span>
    </p>
   </div>
   <div class='ocr_carea' id='block_1_3' title="bbox 590 2217 2143 2318">
    <p class='ocr_par' dir='ltr' id='par_1_3' title="bbox 590 2217 2143 2318">
     <span class='ocr_line' id='line_1_14' title="bbox 590 2217 2143 2318; baseline 0.009 -31"><span class='ocrx_word' id='word_1_114' title='bbox 590 2298 593 2303; x_wconf 24' lang='lat'><strong>⁴</strong></span> <span class='ocrx_word' id='word_1_115' title='bbox 722 2220 847 2294; x_wconf 85' lang='lat' dir='ltr'><strong>tolicae</strong></span> <span class='ocrx_word' id='word_1_116' title='bbox 866 2222 966 2295; x_wconf 87' lang='lat' dir='ltr'><strong>Sedis</strong></span> <span class='ocrx_word' id='word_1_117' title='bbox 988 2221 1141 2318; x_wconf 84' lang='lat' dir='ltr'><strong>gratiam</strong></span> <span class='ocrx_word' id='word_1_118' title='bbox 1166 2219 1314 2313; x_wconf 88' lang='lat' dir='ltr'><strong>proinde</strong></span> <span class='ocrx_word' id='word_1_119' title='bbox 1339 2217 1484 2292; x_wconf 87' lang='lat' dir='ltr'><strong>uberius</strong></span> <span class='ocrx_word' id='word_1_120' title='bbox 1510 2225 1677 2318; x_wconf 89' lang='lat' dir='ltr'><strong>consequi</strong></span> <span class='ocrx_word' id='word_1_121' title='bbox 1706 2223 1884 2295; x_wconf 86' lang='lat' dir='ltr'><strong>merearis.</strong></span> <span class='ocrx_word' id='word_1_122' title='bbox 1915 2225 2047 2294; x_wconf 86' lang='lat' dir='ltr'><strong>Datum</strong></span> <span class='ocrx_word' id='word_1_123' title='bbox 2072 2224 2143 2300; x_wconf 63' lang='lat' dir='ltr'><strong>Rus</strong></span> 
     </span>
    </p>
   </div>
   <div class='ocr_carea' id='block_1_4' title="bbox 722 2327 2149 2531">
    <p class='ocr_par' dir='ltr' id='par_1_4' title="bbox 722 2327 2149 2531">
     <span class='ocr_line' id='line_1_15' title="bbox 724 2327 2149 2437; baseline 0.004 -42"><span class='ocrx_word' id='word_1_124' title='bbox 724 2350 801 2399; x_wconf 89' lang='lat' dir='ltr'><strong>mae</strong></span> <span class='ocrx_word' id='word_1_125' title='bbox 822 2329 914 2423; x_wconf 89' lang='lat' dir='ltr'><strong>apud</strong></span> <span class='ocrx_word' id='word_1_126' title='bbox 937 2331 1110 2412; x_wconf 76' lang='lat' dir='ltr'><strong>Sanctum</strong></span> <span class='ocrx_word' id='word_1_127' title='bbox 1133 2327 1294 2413; x_wconf 81' lang='lat' dir='ltr'><strong>Petrum,</strong></span> <span class='ocrx_word' id='word_1_128' title='bbox 1318 2329 1368 2416; x_wconf 71' lang='grc' dir='ltr'><strong>[ΙΙ</strong></span> <span class='ocrx_word' id='word_1_129' title='bbox 1391 2332 1492 2413; x_wconf 73' lang='lat' dir='ltr'><strong>uon:</strong></span> <span class='ocrx_word' id='word_1_130' title='bbox 1518 2328 1898 2437; x_wconf 28' lang='lat' dir='ltr'><strong>Marcij&#39;Pontilicatus,</strong></span> <span class='ocrx_word' id='word_1_131' title='bbox 1915 2329 2026 2410; x_wconf 77' lang='lat' dir='ltr'><strong>nostri</strong></span> <span class='ocrx_word' id='word_1_132' title='bbox 2052 2351 2149 2415; x_wconf 73' lang='lat' dir='ltr'><strong>appo,</strong></span> 
     </span>
     <span class='ocr_line' id='line_1_16' title="bbox 722 2434 1201 2531; baseline 0.015 -29"><span class='ocrx_word' id='word_1_133' title='bbox 722 2434 886 2530; x_wconf 86' lang='lat' dir='ltr'><strong>quarto(</strong></span> <span class='ocrx_word' id='word_1_134' title='bbox 912 2435 941 2531; x_wconf 74' lang='grc'><strong>).,</strong></span> <span class='ocrx_word' id='word_1_135' title='bbox 1199 2452 1201 2463; x_wconf 87' lang='grc'><strong><em>·</em></strong></span> 
     </span>
    </p>
   </div>
   <div class='ocr_carea' id='block_1_5' title="bbox 799 5085 2055 5201">
    <p class='ocr_par' dir='ltr' id='par_1_5' title="bbox 799 5085 2055 5201">
     <span class='ocr_line' id='line_1_17' title="bbox 799 5085 2055 5201; baseline 0.003 -31"><span class='ocrx_word' id='word_1_136' title='bbox 799 5113 838 5188; x_wconf 86' lang='lat' dir='ltr'><strong>(t)</strong></span> <span class='ocrx_word' id='word_1_137' title='bbox 863 5088 969 5173; x_wconf 82' lang='lat' dir='ltr'><strong>Proras</strong></span> <span class='ocrx_word' id='word_1_138' title='bbox 983 5117 1017 5171; x_wconf 84' lang='lat' dir='ltr'><strong>da</strong></span> <span class='ocrx_word' id='word_1_139' title='bbox 1032 5114 1160 5174; x_wconf 83' lang='lat' dir='ltr'><strong>Historia</strong></span> <span class='ocrx_word' id='word_1_140' title='bbox 1173 5085 1408 5183; x_wconf 74' lang='lat' dir='ltr'><strong>Genealogiorda</strong></span> <span class='ocrx_word' id='word_1_141' title='bbox 1422 5115 1491 5172; x_wconf 80' lang='lat' dir='ltr'><strong>Casa</strong></span> <span class='ocrx_word' id='word_1_142' title='bbox 1503 5115 1572 5173; x_wconf 77' lang='lat' dir='ltr'><strong>lteal</strong></span> <span class='ocrx_word' id='word_1_143' title='bbox 1587 5123 1656 5173; x_wconf 87' lang='lat' dir='ltr'><strong>tom.</strong></span> <span class='ocrx_word' id='word_1_144' title='bbox 1675 5116 1720 5174; x_wconf 82' lang='lat'><strong>1.·</strong></span> <span class='ocrx_word' id='word_1_145' title='bbox 1731 5135 1762 5198; x_wconf 90' lang='lat' dir='ltr'><strong>p.</strong></span> <span class='ocrx_word' id='word_1_146' title='bbox 1782 5089 1944 5201; x_wconf 62' lang='lat' dir='ltr'><strong>ateana,</strong></span> <span class='ocrx_word' id='word_1_147' title='bbox 1978 5141 1982 5152; x_wconf 90' lang='lat'><em>·</em></span> <span class='ocrx_word' id='word_1_148' title='bbox 2049 5161 2055 5174; x_wconf 87' lang='lat'>.</span> 
     </span>
    </p>
   </div>
   <div class='ocr_carea' id='block_1_6' title="bbox 0 0 2572 6450">
    <p class='ocr_par' dir='ltr' id='par_1_6' title="bbox 0 0 2572 6450">
     <span class='ocr_line' id='line_1_18' title="bbox 0 0 2572 6450; baseline 0 5"><span class='ocrx_word' id='word_1_149' title='bbox 0 0 2572 6450; x_wconf 95' lang='lat' dir='ltr'><strong> </strong></span> 
     </span>
    </p>
   </div>
  </div>
 </body>
</html>
