5134 6450
1407 825 1489 948 88

752 996 857 1071 dictis
878 1013 919 1071 ut
941 996 1162 1096 praefertur,
1188 994 1233 1070 de
1257 996 1365 1068 dictis
1387 993 1575 1078 fructibus,
1599 993 1808 1079 redditibus,
1829 998 2078 1093 proventibus,
2089 1024 2148 1101 Ju-

751 1106 864 1190 ribus,
882 1121 918 1179 et
934 1102 1219 1191 obventionibus,
1240 1127 1377 1178 necnon
1397 1102 1477 1175 aliis
1495 1102 1595 1176 bonis
1611 1101 1655 1176 ad
1675 1103 1766 1202 ipsos
1787 1105 1956 1178 Dourinos
1974 1130 2040 1204 pro
2056 1123 2149 1183 teru-
2207 1146 2211 1151 ·

752 1238 837 1308 pore
858 1213 1070 1310 Episcopum
1092 1212 1291 1286 Tudensem
1318 1208 1359 1283 ac
1382 1214 1564 1285 Decanum
1585 1224 1623 1284 et
1644 1209 1849 1310 Capitulum
1877 1204 2048 1289 Ecclesiae
2076 1219 2149 1290 'ltr-

751 1322 867 1395 densis
887 1320 1127 1394 communiter
1147 1333 1186 1394 ct
1206 1319 1363 1405 divisim,
1381 1342 1423 1391 ae
1442 1340 1578 1392 mensas
1594 1318 1835 1417 Episcopalem
1854 1333 1893 1392 et
1909 1318 2148 1417 Capitularem

751 1426 908 1526 ejusdem
923 1481 1051 1501 ......
1071 1427 1269 1526 supradicta
1291 1441 1391 1523 parte
1411 1426 1526 1523 Regni
1549 1424 1774 1525 Portugaliae
1792 1426 2052 1524 pertinentibus
2071 1436 2151 1527 perss

750 1537 876 1632 ceptis,
897 1559 1034 1609 necnon
1054 1534 1098 1609 de
1115 1536 1330 1609 florenorum
1348 1533 1498 1606 summis
1514 1557 1580 1630 pro
1597 1534 1754 1631 expensis
1771 1533 1958 1632 praedictis
1975 1536 2151 1612 satisfeee-
2172 1556 2181 1591 t

750 1646 828 1716 rint
848 1658 1101 1741 competenter,
1121 1667 1163 1716 ac
1182 1641 1294 1717 donec
1315 1656 1352 1716 et
1369 1665 1549 1740 quousque
1567 1641 1673 1717 iidem
1693 1645 1845 1716 loannes
1863 1640 2015 1728 Aliensi,
2033 1645 2150 1718 etalii

749 1751 894 1836 Clerici,
912 1776 1046 1825 necnon
1064 1753 1243 1834 Rectam,
1263 1747 1428 1837 Abbates,
1442 1748 1593 1835 Priores,
1606 1748 1826 1836 Abbatissae,
1840 1751 2043 1837 Priorissae,
2060 1752 2153 1828 Cou-

740 1866 901 1943 ⁴ventus,
931 1858 1055 1933 Clerus
1078 1873 1115 1931 et
1136 1856 1287 1955 populus
1308 1856 1423 1931 dictae
1445 1856 1620 1943 Dioccesis
1639 1857 1830 1941 Tudensis,
1857 1859 2018 1953 superius
2038 1861 2152 1933 uomi-

752 1969 840 2049 nati,
863 1965 976 2040 etalii
1005 1966 1133 2039 intrusi
1161 1963 1218 2040 vel
1246 1965 1477 2061 imposterum
1513 1963 1719 2041 intrudendi
1747 1965 1783 2036 in
1809 1963 2153 2052 Administratione,

752 2072 1121 2159 Archidiaconatibus,
1155 2071 1436 2159 canonicatibus,
1467 2070 1663 2158 Beneficiis,
1690 2086 1727 2146 et
1753 2069 1833 2145 aliis
1860 2072 2081 2169 supradictis,
2109 2088 2154 2147 nt

753 2182 888 2255 dictum
911 2196 977 2266 est,
999 2180 1201 2256 denuntiati
1220 2187 1417 2280 aggravati
1435 2195 1471 2252 et
1491 2167 1773 2279 reaggravati,¹ii
1790 2178 1971 2277 predictis,
1990 2179 2154 2255 rebellio·
2282 2240 2294 2267 ,

753 2313 797 2362 ne
820 2305 857 2364 et
879 2288 1140 2387 impedimentis
1161 2288 1375 2374 destiterint,
1396 2302 1433 2362 et
1452 2286 1496 2359 ad
1519 2288 1700 2385 gremium
1720 2288 1867 2361 Sanctae
1887 2289 2012 2361 Matris
2033 2289 2154 2363 Eccle-

755 2399 826 2471 siae
852 2395 1035 2484 redierint,
1064 2396 1347 2494 beneficiumque
1372 2391 1601 2468 absolutionis
1620 2388 1639 2467 i
1661 2391 1851 2492 praedictis
1872 2396 2064 2470 sententiis·
2082 2420 2154 2470 me·

755 2506 897 2578 rucrint
928 2503 1109 2589 obtinere,
1136 2519 1200 2576 aut
1225 2501 1324 2575 aliud
1344 2497 1364 2573 ri
1386 2501 1507 2586 Nobis,
1533 2499 1587 2576 vel
1610 2500 1783 2599 superiori
1805 2514 1927 2575 nostro
1948 2505 2154 2603 receperitis

758 2615 794 2684 in
818 2611 1004 2684 mandatis
1791 2690 1798 2696 ,

867 2722 912 2793 18
967 2719 1222 2793 lNlllBliblUS
1248 2730 1427 2814 practerea
1456 2715 1555 2790 robis
1581 2715 1745 2789 omnibus
1765 2731 1804 2789 et
1824 2715 1976 2814 siugulis
1996 2720 2156 2816 supradi-

755 2829 845 2912 ctis,
873 2840 949 2899 tam
975 2823 1227 2901 Ecclesiasticis
1252 2849 1361 2924 quam
1388 2823 1625 2898 saecularibus
1651 2823 1809 2922 personis
1828 2825 2082 2925 cujuscumque
2102 2827 2156 2898 di-

756 2932 920 3034 gpitatis,
937 2947 1063 3019 status,
1083 2935 1226 3032 gradus,
1246 2932 1393 3019 ordinis,
1411 2946 1476 3006 aut
1493 2932 1788 3030 praeeminentiae
1804 2931 1976 3017 extiterit,
1994 2957 2039 3008 ue
2057 2956 2157 3030 prae·

756 3042 949 3115 nominatis
972 3043 1099 3115 Joanni
1121 3040 1260 3118 Alfousi
1263 3093 1440 3114 ........
1465 3039 1683 3124 Rectorrbus,
1705 3038 1923 3125 Abbatibus,
1950 3039 2155 3133 Prioribus,

758 3148 980 3233 abbatissis,
1007 3148 1199 3236 Priorissis,
1228 3147 1483 3234 Conveutibus,
1509 3147 1618 3221 Clcro‘
1634 3162 1671 3221 et
1691 3144 1823 3246 populo
1843 3145 1958 3221 dictae
1981 3149 2157 3222 Dioecesis

760 3255 955 3339 Tudensis,
982 3259 1142 3353 superius
1168 3257 1383 3340 nominatis,
1410 3280 1544 3331 necnon
1571 3255 1648 3330 aliis
1665 3257 1739 3354 jam
1762 3254 1881 3328 forsan
1903 3255 2070 3340 intrusis,
2101 3254 2156 3331 rel

760 3366 993 3459 imposterum
1016 3363 1238 3437 intrudendis
1256 3364 1292 3436 in
1312 3363 1646 3450 Administratione,
1665 3361 2032 3448 Ambidiaconatibus,
2048 3363 2158 3438 Cauo-
2280 3361 2283 3372 '

758 3468 946 3553 nicatibus,
968 3471 1163 3557 Beneficiis,
1185 3488 1223 3546 et
1242 3470 1322 3544 aliis
1342 3471 1564 3569 supradictis,
1588 3487 1630 3545 ut
1651 3469 1883 3569 praedicitur,
1910 3470 1967 3544 rel
1990 3495 2157 3572 procura·

758 3576 898 3651 toribus
921 3581 1045 3652 eorum
1067 3580 1223 3664 nomine,
1250 3580 1442 3676 quominus
1468 3581 1660 3678 praesentis
1686 3578 1798 3652 nostri
1827 3601 2029 3675 processus,
2056 3593 2094 3652 et
2122 3582 2159 3651 in

759 3688 810 3760 eis
831 3700 1008 3773 contenta,
1029 3685 1149 3763 debite
1168 3687 1365 3762 executioni
1386 3685 1657 3773 demandentur,
1678 3710 1721 3760 ao
1740 3688 1858 3760 omnia
1883 3700 1921 3762 et
1940 3683 2080 3784 singula
2101 3710 2159 3758 su·

759 3794 897 3890 pradita
924 3816 1029 3866 suum
1056 3792 1216 3874 debitum
1244 3796 1442 3869 sortiantur
1470 3793 1658 3881 effectum,
1686 3794 1981 3891 impedimentum
2014 3790 2158 3892 aliquod

760 3901 954 3995 praestetis,
977 3924 1039 3973 seu
1061 3914 1228 3995 praestet,
1250 3924 1315 3973 nec
1335 3900 1609 3996 impedientibus
1630 3902 1674 3976 de
1676 3953 1946 3974 ............
1971 3898 2158 3986 auxilium,

760 4006 970 4092 consilium,
999 4005 1056 4081 rel
1082 4005 1261 4090 savorem,
1289 4004 1429 4103 publice
1461 4004 1519 4080 vel
1547 4004 1697 4089 occulte,
1729 4005 1864 4080 directe
1889 4005 1947 4081 vel
1975 4006 2158 4091 indirecte,

760 4113 884 4214 quovis
910 4112 1070 4214 quaesito
1095 4111 1225 4189 colore.
1246 4112 1349 4209 Quod
1373 4113 1405 4186 si
1426 4113 1516 4189 forte
1538 4138 1599 4188 ros
1619 4111 1854 4189 lllustrissimi
1879 4130 1918 4189 et
1936 4113 2158 4188 Serenissimi

760 4222 952 4320 Principes,
969 4235 1008 4296 et
1026 4222 1099 4298 uei
1118 4222 1192 4296 Diti
1211 4226 1326 4320 Reges
1343 4237 1546 4296 executores
1559 4222 1718 4319 justitiae
1738 4224 1930 4317 praesentis
1948 4224 2060 4295 nostri
2079 4246 2161 4319 pro·

759 4352 878 4403 cessus
903 4345 940 4403 et
966 4327 1214 4403 mandatorum
1241 4343 1461 4416 nostrorum,
1487 4323 1561 4403 imb
1585 4330 1704 4404 verius
1724 4327 2024 4425 Apostolicorum,
2047 4344 2159 4402 trans·
2210 4363 2216 4374 ·

758 4460 948 4533 gressonas,
968 4436 1268 4521 contradictores,
1295 4436 1352 4512 vel
1377 4437 1594 4537 neglectores
1619 4436 1780 4522 fueritis,
1810 4434 1905 4534 quod
1928 4450 2049 4511 tamen
2082 4461 2158 4511 ves·

759 4562 899 4620 trarum
922 4544 1162 4620 serenitatum
1186 4542 1492 4642 praefulgidorum
1512 4545 1548 4618 in
1567 4542 1764 4619 obedientia
1781 4544 1949 4641 suspicari
1969 4569 2039 4620 nou
2058 4544 2158 4631 siuit;

760 4650 994 4749 proculdubio
1014 4650 1124 4725 etiam
1141 4651 1316 4749 judicium
1334 4654 1422 4753 justi
1440 4652 1570 4752 judicis
1590 4651 1828 4737 offenderetis,
1850 4665 1887 4751 et
1909 4676 1934 4748 p
1935 4703 2159 4725 ..........

756 4762 965 4838 ¹enecutioue
991 4757 1193 4856 hujusmodi
1216 4760 1377 4859 justitiae
1402 4753 1424 4833 a
1448 4764 1522 4835 Deo
1543 4773 1706 4859 paratum
1729 4757 1960 4833 nibilominus
1980 4760 2161 4834 amittere·

762 4869 822 4938 tis.
844 4872 893 4942 Et
915 4868 998 4943 lieet
1025 4890 1086 4940 vos
1107 4864 1308 4965 hujusmodi
1340 4869 1471 4943 nostris
1499 4868 1683 4942 sententiis
1716 4866 1950 4965 infrascriptis
1976 4881 2086 4965 prout
2111 4866 2160 4940 se·

762 4990 897 5048 runtur
922 4989 959 5050 et
985 4971 1268 5071 promulgantur,
1302 4976 1353 5050 sic
1385 4975 1489 5074 ligari
1521 4974 1697 5059 nolumus,
1729 4974 1830 5050 vobis
1855 4975 1901 5048 ob
1926 4976 2159 5051 reverentiam
2215 5007 2219 5016 ⁵

759 5097 963 5158 uestrarum
985 5079 1173 5179 Regalinm
1195 5084 1419 5182 blaJestutnm
1442 5108 1512 5157 nou
1535 5084 1717 5157 immerito
1736 5082 1931 5159 deferentes
1955 5083 2088 5156 intuitu
2106 5094 2160 5151 ta·

763 5213 845 5267 men
862 5189 1031 5290 justitiae,
1054 5203 1091 5263 et
1112 5189 1270 5267 obsedis
1298 5190 1522 5292 Apostolioae
1549 5208 1585 5268 et
1609 5193 1843 5268 reverentiam
1877 5205 2075 5264 vestrarum
2102 5188 2162 5263 Sc·
