5134 6450
428 983 486 1041 cta
506 994 573 1041 non
600 967 723 1043 luisset
749 984 896 1066 propter
922 967 1018 1067 quod
1044 967 1164 1043 cultus
1189 967 1332 1039 divinus
1358 964 1488 1041 ibidem
1517 965 1766 1064 negligebatur
1794 967 1830 1039 in

429 1101 500 1149 non
519 1076 697 1151 modicum
718 1077 927 1175 opprobium
948 1075 1129 1174 religionis
1146 1075 1360 1149 christianae
1377 1072 1495 1148 dictus
1513 1074 1736 1170 predecessor
1751 1098 1830 1169 pro·

429 1185 508 1256 vide
530 1186 753 1259 considerans
774 1185 869 1284 qu'od
891 1200 1007 1259 certae
1028 1198 1146 1281 partes
1168 1183 1326 1259 Pacensis
1348 1197 1386 1255 et
1407 1182 1580 1256 Tudensis
1606 1181 1754 1257 diocesis
1778 1182 1830 1254 in·

429 1291 482 1363 fra
503 1293 682 1365 dictorum
707 1298 911 1389 Regnorum
934 1290 1068 1366 limites
1089 1294 1322 1365 consistentes
1344 1315 1407 1386 per
1428 1289 1592 1387 speciales
1611 1291 1647 1363 in
1667 1289 1831 1389 spiritua-

430 1396 529 1471 libus*
555 1416 592 1475 ct
622 1400 880 1498 temporalibus
900 1425 964 1496 per
990 1401 1121 1473 dictam
1155 1400 1273 1483 sedem
1307 1398 1494 1494 deputatos
1526 1399 1832 1471 administratores

429 1508 696 1603 Portugalenses
716 1533 760 1581 ex
780 1508 1008 1605 dispositione
1034 1507 1146 1605 ipsius
1169 1507 1262 1583 sedis
1283 1532 1304 1578 a
1325 1505 1501 1580 nonnullis
1527 1507 1714 1580 retroactis
1741 1519 1832 1583 tem·

429 1613 576 1708 poribus
603 1632 697 1691 recte
724 1632 761 1691 et
786 1615 1000 1715 gubernatae
1027 1615 1168 1690 fuerant
1198 1631 1355 1713 tuncque
1382 1613 1597 1710 regebantur
1622 1641 1643 1689 e
1664 1612 1832 1711 goberna-

431 1720 563 1795 bantur
587 1725 741 1823 acquod
771 1724 837 1815 sub
863 1750 1008 1797 suorum
1042 1727 1293 1821 Episcoporum
1327 1724 1563 1821 regiminibus
1589 1720 1832 1796 verisimiliter

428 1833 613 1923 pervenire
634 1857 702 1905 non
724 1831 892 1906 deberent
912 1832 1076 1930 quodque
1097 1834 1287 1928 Episcopus
1308 1830 1472 1905 Canonici
1503 1846 1540 1906 et
1568 1853 1735 1929 personae
1752 1852 1831 1925 pre·

429 1936 518 2008 dicti
539 1939 720 2012 decentius
741 1943 861 2014 vivere
882 1955 921 2014 et
940 1939 1160 2015 commodius
1186 1938 1308 2014 eadem
1336 1962 1441 2012 onera
1463 1954 1672 2039 supportare
1693 1948 1833 2035 possent

430 2045 459 2115 si
482 2045 597 2121 dictae
619 2064 738 2144 partes
758 2047 802 2120 ab
825 2048 907 2145 ipsis
928 2048 1136 2122 Paeensibns
1162 2064 1198 2124 et
1225 2046 1447 2121 Tudensibus
1466 2047 1621 2122 ccelesiis
1643 2048 1679 2118 in
1700 2043 1833 2141 Regnis

303 2236 306 2247 Ι
429 2152 601 2228 Castellae
622 2171 660 2228 et
682 2157 844 2254 Legionis
864 2158 1092 2240 constitutae,
1120 2154 1374 2229 dimembratae
1400 2180 1484 2229 eum
1506 2154 1671 2230 omnibus
1690 2151 1831 2253 juribus

428 2274 466 2330 et
489 2263 710 2357 pertinentiis
731 2265 805 2337 suis
826 2264 869 2336 ad
890 2263 1003 2336 dictas
1026 2269 1191 2339 Pacenses
1215 2277 1251 2336 et
1273 2263 1450 2337 Tudenses
1471 2262 1632 2338 ecelesias
1654 2264 1832 2358 pertinen·

428 2365 525 2439 tibus
544 2370 658 2443 eidem
682 2357 846 2468 Ceptens'i
868 2369 1032 2446 eeclesiae
1060 2373 1096 2443 in
1119 2385 1332 2467 perpetuum
1352 2372 1662 2469 incorporarentur
1684 2390 1831 2442 annexa·

432 2489 558 2546 rentur
584 2492 623 2550 et
649 2458 839 2552 unirentur
866 2478 1130 2553 necessitatibus
1161 2494 1198 2553 et
1230 2477 1435 2574 indigentiis
1467 2479 1642 2576 Episcopi,
1674 2473 1830 2573 Capituli

433 2585 750 2659 Canonicorum1et
771 2610 998 2681 personarum
1021 2587 1262 2681 predictorum
1288 2609 1420 2659 necnon
1440 2587 1548 2660 saluti
1569 2587 1769 2659 animarum
1792 2581 1832 2655 il·

430 2688 546 2762 lorum
570 2693 630 2790 qui
654 2693 763 2788 ipsam
787 2694 978 2767 Civitatem
1000 2696 1209 2788 Ccpteusem
1238 2691 1486 2767 inhabitabant
1505 2692 1689 2783 consulere
1709 2689 1832 2765 rolens

428 2821 472 2869 cx
494 2801 673 2893 premissis
695 2817 730 2874 et
750 2803 858 2874 certis
875 2789 953 2874 aliis
971 2825 1060 2900 quas
1078 2802 1171 2875 idem
1190 2802 1412 2896 predecessor
1435 2827 1499 2898 pro
1515 2801 1688 2899 expressis
1709 2795 1832 2871 haberi

431 2905 546 2979 voluit
567 2906 681 2981 causis
703 2910 915 2983 auctoritate
936 2907 1120 3006 apostolica
1143 2932 1186 2982 ex
1210 2924 1305 2981 certa
1328 2911 1472 2982 scientia
1500 2909 1601 2983 etde
1622 2904 1831 3003 apostolicae

431 3015 614 3106 potestatis
635 3008 853 3111 plenitudine
874 3033 991 3113 partes
1012 3017 1165 3113 prefatas
1188 3017 1222 3088 in
1245 3020 1368 3112 Regno
1397 3017 1618 3115 Portugaliae
1642 3015 1832 3089 existentes

430 3145 583 3218 quarum
609 3123 747 3197 fructus
768 3124 927 3197 redditus
948 3139 985 3200 et
1005 3139 1197 3221 proventus
1217 3124 1258 3197 ad
1282 3124 1393 3198 dictas
1415 3129 1581 3200 Paeenscs
1599 3140 1635 3199 et
1652 3122 1832 3198 Tudenses

428 3228 590 3304 eeclesias
622 3234 836 3328 pertinentes
867 3234 1170 3330 septingentarum
1198 3231 1372 3305 librarum
1399 3236 1613 3309 Turonensis
1639 3253 1832 3328 parvorum

430 3338 621 3412 secundum
644 3365 868 3415 communem
889 3341 1156 3416 extimationem
1179 3339 1334 3413 valorem
1349 3367 1523 3430 annuum3
1543 3357 1586 3415 ut
1600 3341 1693 3415 idem
1709 3336 1831 3434 prede·

429 3470 547 3517 cessar
567 3463 749 3543 acceperat
768 3474 838 3522 non
858 3447 1069 3523 excedebant
1087 3474 1170 3524 cum
1194 3448 1359 3521 omnibus
1376 3448 1518 3546 juribus
1544 3463 1582 3526 et
1607 3443 1833 3547 pertinentiis

431 3553 645 3648 supradictis
671 3579 691 3626 a
719 3555 927 3629 Paeensibns
953 3572 991 3629 et
1015 3556 1237 3631 Tudensibus
1269 3557 1424 3630 ecclesiis
1451 3557 1597 3654 prefatis
1628 3555 1769 3653 penitus
1794 3565 1832 3626 et

431 3662 576 3734 omnino
608 3663 860 3736 dimembravit
893 3664 1092 3760 segregarit
1118 3678 1155 3738 et
1180 3666 1356 3758 separavit
1381 3686 1507 3761 easque
1534 3689 1600 3762 pro
1625 3661 1765 3738 Diooesi
1790 3682 1832 3732 ac

433 3770 590 3863 ipsarum
614 3771 753 3844 fruetus
775 3771 933 3845 redditus
961 3787 998 3845 et
1025 3786 1213 3869 proventus
1238 3771 1415 3868 predictos
1439 3795 1504 3868 pro
1523 3772 1606 3847 dote
1627 3768 1741 3868 eidem
1768 3771 1830 3843 Ce-

432 3878 549 3971 ptensi
575 3878 737 3953 ecclesiae
762 3878 949 3973 deputavit
969 3894 1007 3953 et
1027 3880 1218 3976 assignavit
1239 3879 1289 3950 ita
1312 3879 1407 3978 quod
1428 3878 1636 3954 cedentibus
1656 3875 1713 3950 rel
1733 3875 1831 3951 deae-

430 3983 596 4056 dentibus
628 4001 715 4057 tunc
747 3985 977 4059 existentibus
1008 3990 1165 4083 partium
1199 3987 1438 4082 predictarum
1470 3983 1831 4063 Administratoribus

432 4093 507 4163 sire
529 4105 645 4186 partes
667 4090 730 4163 illa
750 4091 1014 4191 quomodolibet
1035 4092 1120 4166 alias
1141 4092 1406 4170 dimittentibus
1419 4092 1537 4166 ‘simul
1558 4109 1620 4168 aut
1640 4091 1832 4165 successive

433 4197 556 4270 liceret
577 4199 747 4298 Episcopo
767 4199 903 4296 prelato
924 4222 988 4295 per
1010 4223 1048 4273 se
1068 4199 1124 4274 rel
1145 4198 1255 4272 alium
1279 4225 1341 4274 seu
1363 4198 1449 4274 alios
1472 4198 1690 4297 corporalem
1715 4220 1831 4296 paese·

431 4307 564 4381 sionem
589 4308 745 4402 partium
766 4331 807 4381 ac
829 4305 971 4379 illarum
987 4305 1124 4404 jurium
1143 4321 1180 4382 ct
1196 4308 1489 4406 pertinentiarum
1510 4309 1754 4406 predictorum
1768 4329 1830 4379 au·

432 4416 598 4487 ctoritate
624 4416 765 4511 propria
791 4412 902 4487 libere
923 4412 1183 4511 apprehendere
1205 4419 1366 4516 ipsasque
1388 4432 1506 4513 partes
1529 4418 1565 4491 in
1587 4412 1832 4515 spiritualibus
1894 4465 1903 4484 .

431 4536 470 4594 et
489 4520 884 4620 temporalibusregere
904 4536 942 4596 et
962 4521 1160 4618 gubernare
1178 4525 1279 4599 acab
1297 4526 1347 4599 eis
1363 4524 1503 4598 lruetus
1520 4524 1680 4620 godditus
1698 4536 1736 4598 et
1747 4545 1831 4619 pro·

432 4644 559 4702 ventus
580 4630 760 4724 percipere
781 4646 817 4706 et
835 4628 950 4705 levare
967 4654 1008 4702 ac
1026 4632 1064 4704 in
1080 4656 1162 4706 suos
1179 4646 1216 4707 et
1233 4633 1349 4707 dictae
1366 4633 1547 4729 Ceptensis
1563 4630 1726 4708 ecclesiae
1744 4653 1830 4703 usus

427 4736 530 4832 juxta
554 4736 701 4834 modum
723 4752 761 4811 et
783 4739 932 4810 sormam
962 4736 1177 4835 subscriptos
1202 4755 1408 4816 convertere
1429 4756 1465 4815 et
1486 4757 1656 4840 perpetuo
1678 4743 1830 4816 retinere

432 4845 592 4917 Pacensis
613 4860 649 4918 et
670 4844 840 4918 Tudensis
862 4848 1112 4943 Episcoporum
1133 4848 1374 4944 predictorum
1394 4872 1434 4921 ae
1452 4850 1605 4923 cuiusvis
1622 4849 1769 4925 alterius
1787 4846 1830 4922 li·

431 4951 547 5026 centia
568 4966 633 5024 aut
654 4976 818 5026 consensu
846 4978 953 5049 super
979 4953 1045 5027 hoc
1073 4955 1221 5032 minime
1253 4957 1443 5055 requisitus
1476 4969 1633 5032 statuens
1653 4973 1696 5032 et*
1710 4960 1829 5035 decer·

420 5052 519 5134 ‘nens
540 5082 583 5134 ex
604 5072 692 5132 tune
714 5060 750 5132 in
771 5072 873 5134 antea
895 5064 1074 5156 perpetuis
1092 5060 1225 5164 suturis
1243 5063 1464 5161 temporibus
1480 5061 1592 5140 dictas
1608 5080 1727 5163 partes
1745 5090 1827 5140 cum

310 5227 316 5237 .
355 5201 358 5214 ·
434 5166 579 5261 prelatis
599 5168 671 5240 suis
689 5166 829 5262 juribus
851 5182 889 5242 et
909 5171 1134 5265 pertinentiis
1161 5171 1255 5246 sicut
1280 5171 1324 5256 ad
1351 5177 1537 5248 Pacensem
1564 5188 1602 5262 et
1629 5173 1829 5250 Tudeusem

1547 5284 1618 5354 13⁸
