5134 6450
1422 801 1541 924 102

775 973 841 1047 bus
861 973 1022 1047 inclinati
1044 974 1256 1047 auctoritate
1278 970 1466 1070 apostolica
1489 987 1525 1047 et
1547 996 1590 1046 ex
1612 986 1709 1045 certa
1730 975 1878 1047 sciencia
1896 989 2019 1049 tenore
2038 1000 2179 1071 presen-
2252 1056 2260 1071 ‚

772 1085 866 1181 tium
888 1078 1221 1155 dimembratiouem
1242 1082 1496 1177 separationem
1524 1080 1803 1177 segregationem
1830 1080 2110 1179 deputationem,
2139 1101 2176 1158 et

773 1190 1043 1284 assignationem
1065 1202 1102 1263 et
1122 1203 1283 1262 contenta
1304 1190 1340 1260 in
1360 1189 1527 1284 predictis
1547 1187 1798 1287 predecessoris
1821 1187 1951 1263 litteris
1971 1191 2175 1265 indesecuta

772 1298 907 1393 prelata
939 1295 1174 1394 approbamus
1206 1311 1244 1370 et
1275 1296 1526 1387 confirmamus
1553 1319 1593 1368 ac
1622 1297 1793 1394 presentis
1826 1297 1952 1393 scripti
1980 1301 2175 1394 patrocinio

771 1407 1036 1477 communimus
1057 1402 1260 1502 supplentes
1292 1428 1412 1478 omnes
1437 1404 1594 1478 deiectus
1621 1406 1649 1476 si
1677 1406 1740 1501 qui
1769 1405 1886 1476 forsan·
1919 1406 2177 1480 intervenerint

774 1512 812 1583 in
834 1513 964 1587 eisdem
993 1536 1034 1585 ac
1061 1512 1120 1585 illa
1160 1511 1275 1585 valere
1304 1510 1514 1610 plenamque
1547 1510 1683 1583 roboris
1709 1512 1918 1585 firmitatem
1949 1512 2110 1588 obtinere
2141 1516 2176 1585 in

771 1620 935 1694 omnibus
955 1636 993 1695 et
1013 1644 1076 1716 per
1098 1621 1216 1693 omnia
1238 1619 1385 1717 perinde
1405 1643 1446 1691 ac
1468 1621 1497 1691 si
1520 1618 1696 1694 revocatio
1723 1621 1868 1693 cassatio
1895 1621 2053 1694 irritatio
2076 1623 2175 1694 unio-
2232 1640 2236 1646 '

771 1753 859 1801 num
894 1728 1072 1825 predictae
1099 1752 1163 1825 per
1190 1752 1254 1801 nos
1271 1727 1393 1820 ‘factae
1426 1726 1628 1801 nullatenus
1661 1726 1821 1800 luissent.
1850 1732 1899 1801 Et
1923 1728 2177 1802 nichilominus

771 1860 837 1930 pro
860 1839 1005 1934 potioris
1025 1835 1161 1910 cautela
1182 1835 1349 1931 suffragio
1371 1835 1699 1909 dimembrationem
1729 1838 1983 1929 separationem
2013 1861 2175 1935 segrega·

771 1945 905 2021 tionem
938 1944 1200 2041 deputationum
1229 1959 1266 2017 et
1292 1945 1562 2040 assignationem
1590 1940 1728 2015 easdem
1756 1966 1795 2013 ac
1817 1945 1936 2015 omnia
1958 1943 2025 2015 alia
2048 1959 2086 2017 et
2106 1946 2184 2015 sin-1
2287 1982 2293 1995 ·

765 2052 856 2149 gula
878 2055 916 2124 in
937 2050 1042 2123 dictis
1064 2051 1197 2124 litteris
1224 2065 1388 2125 contenta
1418 2053 1454 2122 in
1482 2049 1648 2124 omnibus
1675 2064 1712 2124 et
1741 2073 1804 2146 per
1830 2052 1949 2123 omnia
1973 2050 2059 2122 alias
2076 2051 2176 2148 juxta

772 2161 930 2255 ipsarum
960 2159 1163 2232 litterarum
1196 2175 1356 2233 tenorem
1384 2160 1635 2231 continentiam
1661 2171 1768 2255 atque
1791 2158 1940 2230 sormam
1964 2159 2178 2232 auctoritate

772 2283 810 2341 ct
830 2269 976 2341 sciencia
998 2266 1177 2339 similibus
1197 2267 1420 2340 concedimus
1442 2289 1505 2361 per
1526 2280 1717 2362 presentes.
1740 2270 1817 2337 Non
1836 2265 2058 2339 obstantibus
2080 2290 2176 2339 cons·

772 2374 1001 2448 titutionibus
1023 2389 1060 2449 et
1081 2373 1360 2446 ordinationibus
1384 2372 1584 2469 apostolicis
1609 2396 1743 2446 necnon
1765 2375 1910 2446 statutis
1932 2388 1969 2447 et
1989 2388 2177 2448 consuetu·

773 2482 916 2555 dinibus
940 2484 1100 2557 Pacensis
1117 2498 1154 2555 et
1172 2483 1353 2576 Ceptensis
1371 2478 1606 2553 Fcclesiarum
1621 2479 1861 2575 predictarum
1873 2482 2079 2578 juramento
2095 2503 2176 2553 con·

774 2589 976 2665 firmatione
1008 2587 1194 2685 apostolica
1227 2587 1283 2663 rel
1316 2611 1524 2686 quacunque
1550 2588 1724 2660 firmitate
1750 2586 1816 2658 alia
1845 2587 2022 2661 roboratis
2049 2587 2178 2686 quibus

722 2768 726 2787 ¹
774 2697 939 2770 omnibus
959 2712 997 2770 et
1018 2694 1177 2793 singulos
1201 2695 1345 2768 illorum
1366 2710 1505 2769 tenores
1521 2692 1566 2768 de
1584 2692 1692 2766 verbo
1713 2692 1757 2765 ad
1781 2694 1930 2768 verbum
1954 2694 2178 2791 presentibus

774 2829 839 2899 pro
861 2802 1222 2902 expressishabentes
1244 2801 1315 2875 illis
1336 2803 1423 2875 alias
1444 2803 1481 2872 in
1502 2826 1566 2874 suo
1588 2800 1714 2874 robore
1740 2805 1979 2896 permansuris
2011 2803 2106 2902 quod
2133 2803 2177 2874 ad

773 2915 942 3007 premissa
963 2936 1126 3007 expresse
1143 2911 1354 3009 derogamus
1371 2910 1570 3008 ceterisque
1587 2909 1774 2981 contrariis
1792 2909 2060 3009 quibuscunque
2078 2909 2176 2984 Nulli

774 3042 860 3116 ergo
881 3022 1027 3092 omnino
1049 3018 1236 3094 hominum
1266 3018 1368 3091 liceat
1395 3016 1486 3089 hane
1511 3019 1677 3114 paginam
1704 3030 1842 3091 nostrae
1869 3018 2094 3091 admissionis
2117 3041 2177 3114 ap·

776 3127 993 3221 probationis
1024 3127 1303 3200 confirmationis
1335 3125 1626 3198 communitionis
1660 3124 1911 3221 supplectionis
1931 3126 2180 3225 *concessionis

777 3250 814 3305 et
833 3234 1070 3331 derogationis
1092 3236 1286 3332 infringere
1306 3232 1363 3308 rel
1385 3235 1416 3307 ei
1438 3257 1527 3305 ausu
1549 3233 1740 3306 temerario
1759 3235 1947 3307 contraire.
1969 3236 2089 3333 Siquis
2115 3259 2176 3306 au·

665 3403 667 3408 .
776 3357 851 3415 tem
874 3341 941 3415 hoc
962 3356 1177 3437 attemptare
1199 3341 1453 3438 presumpserit
1479 3337 1757 3437 indignationem
1785 3344 2037 3437 omnipotentis
2057 3343 2113 3416 dei
2136 3366 2177 3413 ac

768 3449 962 3522 'beatorum
983 3451 1077 3524 Petri
1095 3464 1132 3524 et
1150 3447 1251 3523 Pauli
1269 3447 1523 3546 Apostolorum
1540 3450 1615 3548 ejus
1632 3472 1670 3523 se
1688 3449 1828 3523 noverit
1846 3441 2087 3524 incursurum.
2108 3455 2177 3524 Da·

778 3571 856 3629 tum
880 3562 1014 3644 Romae
1033 3572 1121 3656 aput
1141 3557 1312 3631 Sanctum
1328 3558 1474 3630 Petrum
1493 3561 1599 3633 Anno
1617 3558 1870 3631 incarnationis
1887 3557 2080 3632 dominicas
2099 3556 2178 3631 llil·

740 3717 744 3724 .
777 3664 901 3739 lesimo
920 3665 1268 3765 quadringentesimo
1288 3665 1581 3763 quinquagesimo
1599 3660 1763 3738 see'undo.
1782 3669 1894 3739 Nonas
1914 3666 2067 3763 Augusti
2087 3668 2176 3739 Pon·

778 3773 931 3845 sificatus
954 3775 1064 3846 nostri
1090 3778 1194 3849 Anno
1215 3775 1523 3848 Sexto-Locus
1544 3771 1655 3869 sigilli
1679 3772 1863 3868 pendentis
1886 3772 1899 3870 (
1926 3772 1950 3868 ).

778 5076 2177 5110 ..p-mmm..

858 5210 900 5286 (1)
923 5208 1044 5269 Archiro
1061 5208 1210 5274 baciensi,
1232 5205 1310 5274 llum
1322 5204 1342 5262 8
1356 5208 1390 5264 de
1406 5203 1560 5265 Belicam·
1578 5203 1627 5264 1-6.
