5134 6450
1376 761 1459 887 68

706 948 832 1031 genter
854 956 896 1007 ex
919 932 1026 1005 officii
1053 930 1173 1003 debito
1192 928 1349 1003 'salutern
1378 951 1530 1027 querens
1556 944 1593 1002 et
1620 944 1790 1026 appetens
1815 928 2038 1025 singulorum
2061 953 2120 1000 su-

706 1063 885 1136 pernaque
914 1037 1085 1109 suffultus
1107 1038 1264 1129 potencia
1295 1035 1355 1108 illa
1385 1034 1616 1109 suadentibus
1634 1034 1833 1108 rationibus
1852 1051 1889 1109 et
1907 1038 2020 1108 causis
2039 1057 2119 1130 pro·

705 1158 882 1241 propensa
895 1141 1146 1214 deliberatione
1169 1141 1364 1214 salubriter
1386 1142 1530 1213 ordinat
1550 1157 1655 1238 atque
1677 1142 1835 1235 disponit
1857 1166 1926 1238 que
1943 1156 2045 1235 grata
2064 1140 2118 1211 di-

705 1254 786 1322 vine
810 1250 997 1344 magestati
1019 1248 1095 1319 fore
1117 1247 1318 1320 considerat
1339 1261 1377 1321 et
1400 1272 1462 1342 per
1490 1272 1561 1342 que
1588 1271 1670 1320 oves
1696 1247 1873 1319 divinitus
1895 1247 2047 1320 creditas
2074 1245 2117 1315 ad

704 1356 796 1427 ovile
818 1355 958 1428 reducit
980 1353 1200 1441 dominicum
1224 1355 1346 1451 eisque
1368 1352 1548 1426 felicitatis
1574 1369 1696 1426 eterne
1724 1352 1867 1447 policito
1896 1353 2032 1447 premio
2062 1373 2119 1421 ve·

704 1465 799 1533 niam
830 1463 1002 1554 impetrat
1029 1460 1242 1531 animarum.
1276 1465 1356 1551 Que
1383 1459 1556 1557 siquidem
1584 1459 1798 1532 auctoritate
1818 1461 1964 1531 domino
1987 1456 2121 1531 certius

705 1583 790 1638 tunc
812 1581 850 1640 et
871 1567 1050 1658 acceptius
1074 1569 1261 1659 pmvcnire
1283 1591 1366 1637 nom
1389 1564 1610 1658 ambigimus
1628 1589 1710 1637 cum
1732 1566 1862 1636 veritas
1885 1564 2058 1636 catholice
2078 1561 2119 1631 fi-

704 1674 759 1745 dci
783 1673 825 1743 ad
850 1671 988 1743 laudem
1012 1686 1048 1742 et
1072 1669 1223 1766 gloriam
1248 1671 1361 1742 divini
1383 1672 1535 1747 nominis
1554 1670 1797 1742 dilatationem
1818 1672 1967 1765 suscipit
1984 1670 2120 1764 pariter

632 1804 637 1815 ·
706 1794 742 1850 et
765 1781 997 1858 incrementa.
1020 1779 1109 1849 Sane
1130 1801 1245 1872 nuper
1271 1802 1336 1871 pro
1359 1791 1459 1873 parte
1480 1776 1654 1847 carissimi
1681 1778 1715 1847 in
1739 1776 1883 1849 Christo
1903 1774 1982 1846 fillii
2002 1774 2119 1844 nostri

706 1883 876 1955 lobannis
898 1883 1103 1977 Portugalic
1125 1885 1234 1978 Regis
1255 1882 1412 1955 lllustris
1426 1881 1527 1954 nohis
1542 1881 1610 1952 fuit
1623 1884 1821 1976 expositum
1843 1881 1937 1979 quod
1958 1880 2057 1954 locus
2075 1878 2121 1950 de
2220 1936 2223 1943 ,

707 1995 841 2084 llepta,
869 2012 977 2085 quem
1008 1991 1079 2059 Rex
1110 1991 1174 2083 ipsi
1204 1989 1339 2063 Christi
1370 1988 1534 2061 videlicet
1557 1988 1655 2083 pugil
1680 2002 1717 2061 et
1738 1986 1895 2060 atheleta
1919 1984 2118 2057 ministerio

705 2110 894 2190 cooperant
927 2093 1049 2165 divino
1071 2119 1089 2165 a
1113 2094 1330 2195 perfidorum
1367 2094 1753 2191 spurcissimorumque
1782 2096 2056 2166 serracenorum
2083 2102 2121 2160 et

707 2225 943 2297 agarenorum
963 2200 1141 2273 dominice
1155 2202 1272 2273 crucis
1286 2200 1532 2273 obtractorum
1546 2213 1583 2271 ct
1596 2199 1811 2281 emulorum,
1828 2201 1890 2295 qui
1905 2212 1993 2268 tunc
2011 2197 2120 2270 ctiam

596 2400 604 2411 ῃ
705 2331 805 2379 suam
830 2306 916 2377 inihi
941 2330 1005 2399 pro
1026 2305 1232 2400 ydolorum,
1251 2323 1288 2379 et
1306 2307 1581 2378 simulacrorum
1600 2305 1701 2376 cultu
1721 2319 1882 2378 tenentes
1903 2303 2120 2399 mesquitam

624 2502 629 2513 ,
708 2416 913 2507 sinagogam
939 2411 1158 2504 occupabant
1178 2412 1330 2484 eundem
1363 2411 1524 2482 manibus
1549 2411 1749 2482 victoriosis
1771 2411 1905 2504 eripuit
1930 2406 2036 2479 illum
2059 2429 2121 2477 sue

705 2518 852 2605 dictioni
875 2515 1095 2611 subjugando
1117 2515 1309 2612 populosus
1332 2516 1550 2588 multum-et
1572 2516 1739 2588 honestus
1767 2516 1915 2611 ipsaque
1942 2512 2120 2608 mesquita

705 2626 776 2694 sire
798 2625 964 2717 sinagoga
988 2635 1069 2713 apta
1093 2621 1275 2693 evidenter
1298 2624 1457 2694 existunt
1478 2622 1521 2692 ad
1542 2621 1717 2718 hocquod
1738 2620 1799 2692 illa
1819 2621 1854 2691 in
1868 2615 2120 2692 Cathedralem

706 2731 870 2823 erigatur
892 2725 1074 2799 ecclesiam
1099 2726 1239 2820 presule
1262 2727 1348 2799 inihi
1373 2742 1410 2801 et
1428 2727 1523 2800 clero
1544 2726 1782 2801 residentibus
1800 2751 1865 2823 pro
1879 2740 2123 2820 temporeper

704 2858 859 2929 quorum
883 2847 983 2903 actus
1005 2847 1040 2903 et
1063 2855 1168 2926 opera
1191 2834 1299 2905 etiarn
1319 2858 1402 2906 cum
1425 2836 1560 2929 ingenti
1580 2836 1781 2906 animarum
1797 2833 1955 2929 partium
1973 2828 2118 2901 illarum

704 2939 948 3011 habitatorum
969 2953 1011 3010 ct
1033 2936 1232 3009 incolarum
1257 2941 1508 3036 propagatione
1527 2939 1653 3011 salutis
1671 2939 1753 3012 fidei
1774 2940 2043 3012 firmamentum
2065 2944 2143 3004 so-‘

707 3044 879 3116 lidahitur
901 3044 1096 3116 orthodoxe
1118 3043 1261 3116 divinus
1284 3070 1427 3142 quoque
1449 3047 1568 3123 cuitus
1591 3070 1631 3117 ac
1653 3043 1775 3140 populi
1797 3044 1938 3115 devotio
1966 3038 2123 3134 pulluta-

706 3149 799 3220 bunt
816 3163 854 3221 ct
874 3148 1179 3220 instriurahuntur
1198 3174 1267 3220 non
1291 3151 1516 3222 mediocriter
1532 3152 1567 3219 in
1583 3150 1744 3246 partibus
1765 3151 1982 3222 memoratis.
2001 3148 2121 3238 Quare

606 3301 612 3310 ·
707 3280 772 3350 pro
794 3269 896 3349 parte
917 3254 1006 3325 dicti
1028 3257 1137 3348 Regis
1159 3255 1261 3327 nohis
1286 3258 1359 3328 luit
1381 3255 1569 3329 humiliter
1589 3257 1829 3352 supplicatum
1856 3271 1900 3327 ut
1922 3277 2028 3350 super
2052 3250 2121 3322 hiis

707 3376 906 3456 opportune
927 3360 1110 3433 consulere
1131 3360 1174 3432 de
1198 3360 1422 3457 benegnitate
1440 3362 1628 3457 apostolica
1648 3363 1894 3457 dignaremur.
1916 3365 1989 3432 Nos
2007 3359 2124 3453 igitur
2191 3417 2200 3434 .

707 3470 767 3563 qui
790 3467 836 3540 de
856 3467 1038 3561 premissis
1058 3470 1385 3540 certam'uoticiam
1409 3494 1477 3540 non
1500 3468 1671 3542 habemus
1697 3470 1834 3566 quique
1855 3466 1995 3540 cultum
2018 3479 2056 3537 et
2079 3464 2120 3535 li·

707 3574 788 3644 dem
822 3573 963 3646 eosdem
998 3574 1129 3644 nostris
1162 3573 1384 3671 temporibus
1410 3578 1534 3670 vigere
1560 3590 1598 3647 et
1621 3576 1745 3669 augeri
1770 3575 1916 3648 intensis
1936 3569 2121 3646 desideriis

707 3679 913 3751 allectamus
936 3677 1139 3775 hujusmodi
1163 3680 1483 3776 supplicationibus
1506 3680 1667 3753 inclinati
1687 3679 1906 3754 fraternitati
1921 3692 2041 3751 nostre
2057 3696 2122 3770 pet
2223 3753 2228 3760 ,
2263 3713 2270 3724 ’

707 3783 896 3876 apostolica
910 3786 1052 3878 scripta
1076 3785 1286 3857 mandamus
1307 3789 1476 3882 quatinus
1498 3810 1607 3881 super
1630 3788 1808 3880 premissis
1827 3800 1867 3858 'et
1883 3808 2007 3857 eorum
2032 3803 2121 3878 qua-

707 3887 870 3958 litatihus
895 3888 1068 3958 universis
1088 3890 1303 3960 auctoritate
1325 3906 1443 3960 nostra
1467 3916 1530 3960 nos
1551 3890 1780 3985 delligantius
1802 3890 2014 3979 informetis,
2037 3901 2074 3960 et
2091 3886 2121 3954 si

708 4016 772 4087 per
795 3992 1080 4063 informationem
1105 3990 1309 4088 hujusmodi
1331 3993 1449 4065 locum
1473 3996 1568 4091 quod
1591 3994 1629 4066 in
1651 3995 1835 4090 ciuitatem
1853 4009 1890 4069 et
1908 3996 2118 4092 Mesquitam

706 4102 786 4171 sive
803 4099 1010 4196 sinagogam
1036 4097 1213 4192 predictos
1234 4114 1276 4170 ut
1299 4100 1337 4172 in
1360 4101 1472 4195 ipsam
1495 4100 1743 4174 Cathedralem
1766 4102 1951 4175 ecclesiam
1978 4103 2117 4194 erigan-
2158 4144 2162 4150 -

707 4219 770 4275 tur
785 4218 891 4299 aptos
922 4220 958 4277 et
984 4204 1139 4298 ydoneos
1166 4205 1243 4292 fore
1264 4208 1471 4280 inveneritis
1494 4206 1610 4280 locum
1635 4208 1670 4277 in
1691 4208 1883 4281 Civitatem
1907 4219 1945 4280 et
1966 4206 2123 4302 Mesqui-

594 4327 598 4336 ·
708 4324 783 4379 tarn
807 4313 880 4380 sive
900 4312 1106 4406 sinagogam
1129 4312 1268 4384 cosdem
1295 4315 1330 4383 in
1354 4313 1536 4386 ecclesiam
1566 4313 1738 4408 prefatam
1763 4316 1974 4410 Coptensem
1996 4335 2122 4408 perpe-

708 4429 774 4486 tuo
796 4416 1049 4511 nuncupandos
1072 4418 1180 4488 etiam
1204 4441 1288 4488 cum
1308 4418 1451 4516 juribus
1477 4436 1512 4491 ct
1533 4421 1658 4512 signiis
1678 4418 1863 4517 quibusvis
1882 4420 1964 4491 aliis
1986 4417 2118 4491 eisdem

704 4520 871 4613 partibus
891 4522 1084 4615 contiguiis
1105 4522 1309 4593 civitatibus
1331 4539 1367 4597 et
1388 4524 1544 4597 ecclesiis
1563 4524 1827 4599 cathedralibus
1848 4525 1916 4597 suh
1937 4538 2055 4598 nostru
2083 4536 2121 4595 et

608 4655 610 4660 ·
707 4628 867 4698 Romane
886 4625 1033 4700 ecclesie
1045 4626 1232 4699 devotione
1250 4631 1526 4703 consistentibus
1548 4631 1683 4724 dejure
1698 4628 1754 4703 vel
1769 4630 2122 4726 consuctudinoqno-

709 4731 902 4805 modolibet
922 4729 1053 4830 debitis
1073 4734 1291 4806 anctoritate
1309 4749 1428 4807 nostra
1447 4738 1594 4830 erigatis
1607 4736 1773 4811 iacientes
1786 4760 1921 4810 necnon
1935 4738 2119 4832 disponen-

705 4847 760 4934 tes
781 4837 1041 4912 ethardinantes
1064 4852 1224 4932 preterea
1251 4842 1370 4912 omnia
1397 4853 1435 4914 et
1456 4839 1597 4951 singula
1625 4866 1694 4937 que
1719 4845 1759 4914 in
1786 4845 1969 4938 premissis
1992 4857 2030 4915 ct
2050 4843 2119 4914 cir-

597 4989 607 5005 ,
706 4963 746 5011 ca
770 4962 811 5014 ea
833 4944 997 5035 expedire
1019 4942 1181 5038 videritis
1202 4968 1244 5040 ac
1265 4946 1456 5020 neccssaria
1478 4947 1616 5019 luerint
1634 4972 1694 5022 scu
1713 4949 1981 5046 quomodolibet
1991 4967 2119 5044 oppor-

655 5059 662 5076 ’
706 5059 807 5120 tune.
832 5049 966 5120 Datum
989 5048 1198 5136 Constantia
1219 5050 1371 5124 mcundo
1394 5074 1502 5124 nonas
1524 5051 1661 5147 aprillis
1681 5055 1911 5151 pontificatus
1932 5056 2120 5128 nostrian-
