5134 6450
725 998 855 1082 olibas,
887 994 1093 1080 redditibus,
1126 992 1367 1090 proventibus,
1382 824 1543 1092 ἰείη,
1571 1012 1608 1069 et
1629 995 1900 1070 obventionibus
1922 942 2123 1097 hujusmodi
2229 1020 2237 1041 ‘
2388 976 2395 983 ’

723 1107 796 1204 jam
829 1106 945 1178 forsan
978 1104 1131 1175 intrusos
1158 1099 1215 1174 rel
1243 1103 1477 1199 imposterum
1502 1101 1742 1186 intrudendum
1765 1128 1956 1204 omnesque
1975 1107 2061 1181 alios
2087 1125 2128 1198 et

580 1212 584 1223 ’
725 1210 886 1310 singulos
912 1233 1065 1310 quorum
1093 1212 1243 1285 interest
1270 1206 1326 1282 vel
1352 1211 1531 1296 intererit,
1552 1213 1794 1287 communiter
1813 1210 1872 1284 vel
1891 1212 2051 1299 divisim,
2079 1217 2133 1288 ab.

727 1320 950 1416 occupatione
967 1333 1005 1392 et
1020 1318 1222 1392 detentione
1239 1315 1441 1416 hujusmodi
1460 1321 1669 1405 amovimus,
1687 1341 1728 1390 ac
1745 1334 1868 1394 tencre
1887 1327 2123 1418 praesentium

726 1429 975 1502 denuntiamus
996 1441 1142 1498 amotos.

837 1539 876 1606 ll
937 1538 986 1608 Et
1006 1532 1238 1607 nibilominus
1258 1530 1379 1606 eadem
1402 1536 1611 1609 auctoritate
1633 1535 1805 1630 praefatos
1824 1538 1999 1610 Dominus
2021 1541 2124 1611 ioan-

724 1669 805 1717 nem
842 1642 1052 1718 modernum
1087 1643 1299 1739 Episcopum
1330 1639 1540 1728 Tudensem,
1567 1642 1608 1715 a'c
1636 1647 1827 1727 Decanum,
1856 1656 1893 1717 et
1920 1646 2125 1742 Capitulum

725 1750 902 1825 Ecclesiae
927 1749 1098 1824 ‘ludensis
1126 1748 1160 1821 id
1182 1763 1218 1824 ct
1239 1747 1283 1821 ad
1306 1747 1523 1845 corporalem
1551 1753 1800 1846 possessionem
1823 1750 1878 1822 vel
1900 1755 2000 1850 quasi
2018 1756 2126 1853 juris-

726 1858 892 1933 dictionis
913 1856 1143 1940 obcdientiae,
1161 1858 1311 1955 jurium,
1335 1854 1533 1942 fructuum,
1555 1857 1774 1943 reddituum,
1794 1874 2047 1953 proventuum,-
2064 1859 2127 1932 ob·

725 1967 931 2040 sectionum
966 1980 1003 2039 et
1034 1964 1356 2040 emolumentorum
1392 1962 1594 2063 hujusmodi
1620 1965 1842 2039 restituimus
1867 1980 1905 2039 et
1931 1969 2126 2063 reintegra·

728 2098 830 2159 mus;
852 2097 893 2145 ac
914 2087 1037 2148 tenore
1057 2073 1295 2172 praesentium
1317 2072 1543 2144 restituimus
1563 2085 1600 2147 et
1617 2075 1886 2170 reintegmmus,
1909 2072 2127 2151 investiendo

726 2180 924 2278 praelatum
952 2182 1163 2278 Magistrum
1191 2178 1409 2276 Stephanum
1441 2180 1567 2253 Tritici
1597 2195 1871 2277 procuratorem·
1888 2183 2030 2256 nomine
2056 2206 2127 2281 quo

728 2312 847 2384 supra,
871 2289 908 2359 in
929 2312 1114 2384 personam
1133 2287 1313 2360 dictorum
1331 2288 1565 2361 Dominorum
1583 2289 1727 2362 loannis
1743 2289 1919 2385 Episcopi,
1937 2313 1977 2362 ac
1999 2292 2126 2364 Decani

728 2410 765 2469 et
787 2394 943 2492 Capituli
965 2395 1140 2471 Ecclesiae
1161 2394 1345 2497 Tudensis,
1372 2420 1436 2492 per
1459 2393 1556 2468 anuli
1579 2397 1692 2468 nostri
1714 2396 1941 2471 traditionem
1962 2412 2002 2472 et
2023 2397 2127 2494 digiti
2214 2486 2216 2491 Ι

729 2505 786 2576 sui
808 2504 1068 2600 impositionem
1091 2499 1370 2602 praesentialiter
1390 2503 1435 2577 de
1455 2501 1598 2576 eisdem.
1620 2503 1667 2574 Et
1688 2504 1832 2600 insuper
1857 2506 1941 2601 quia
1958 2528 2002 2576 ex
2020 2507 2127 2578 inlor·

645 2674 648 2682 .
729 2611 885 2683 maticne
916 2609 1093 2685 dictorum
1125 2612 1272 2683 testium
1300 2632 1364 2705 per
1389 2633 1464 2695 nos,
1491 2623 1535 2681 ut
1560 2610 1818 2703 praemittitur,
1840 2626 2061 2708 receptorum
2090 2627 2128 2685 et

727 2718 1034 2803 examinatorum,
1062 2718 1264 2791 invenimus
1290 2730 1455 2790 contenta
1477 2717 1513 2789 in
1534 2715 1639 2790 dictis
1666 2715 1780 2792 literis
1800 2718 2014 2817 Apostolicis
2036 2720 2128 2795 veri-

728 2839 803 2898 tate
816 2823 947 2911 fulciri,
969 2824 1154 2925 dictosque
1170 2828 1340 2899 loannem
1360 2821 1499 2899 Allonsi
1518 2822 2034 2912 etalioscterims,1tcct0ms,
2054 2826 2128 2901 Ab

729 2930 839 3019 botes,
863 2933 1013 3017 Priores,
1037 2932 1250 3017 Abbatissas,
1273 2933 1469 3019 Priorissas,
1492 2934 1704 3018 Conventus,
1728 2932 1948 3033 Clerumque
1964 2948 2002 3010 et
2019 2954 2127 3032 popu-

729 3038 808 3113 lum
831 3039 944 3113 dictae
966 3040 1141 3116 Diceoesis
1168 3042 1203 3112 in
1230 3041 1325 3114 dicta
1352 3054 1453 3136 parte
1479 3042 1593 3136 Regni
1621 3039 1843 3140 Portugaliae
1865 3043 2064 3128 existentes,
2092 3058 2130 3117 et

731 3147 818 3218 alios
839 3147 1057 3242 supradictos
1079 3150 1152 3249 jam
1180 3148 1297 3221 forsan
1322 3148 1474 3221 intrusos
1500 3147 1555 3221 vel
1579 3150 1811 3246 imposterum
1835 3149 2065 3223 intrudendos
2093 3153 2128 3222 in

731 3252 1063 3342 Administratione,
1086 3253 1454 3341 Arcbidiaconatibus,
1473 3257 1753 3344 Cononicatibos,
1775 3256 1996 3344 Praebendis,
2019 3261 2128 3334 Bene·

732 3360 836 3445 ficiis,
858 3360 1031 3436 fructibus
1051 3379 1089 3437 et
1109 3362 1187 3437 aliis
1208 3363 1434 3462 supradictis,
1453 3378 1494 3437 ut
1512 3364 1737 3460 praedicitur,
1755 3390 1821 3461 pro
1838 3363 2074 3463 publicatione
2091 3383 2129 3442 et

732 3472 966 3545 insinuatione
982 3471 1183 3573 hujusmodi
1199 3489 1401 3547 nostrorum
1416 3496 1642 3569 processuum
1662 3474 1698 3545 in
1714 3496 1837 3547 eorum
1857 3477 2052 3570 pmeseotia
2065 3492 2130 3549 aut

731 3585 769 3654 in
792 3603 915 3652 eorum
937 3581 1115 3655 Parocbiis
1134 3582 1290 3656 facienda
1311 3595 1391 3655 tute
1411 3582 1501 3655 adiri
1523 3604 1593 3655 non
1614 3605 1728 3678 posse3
1751 3581 1786 3654 id
1804 3583 1897 3656 circo
1918 3586 2129 3658 auctoritate
2174 3577 2180 3589 “

732 3687 948 3785 Apostolica,
980 3709 1050 3788 qna
1065 3689 1201 3789 supra,
1234 3688 1406 3787 praelatas
1433 3687 1552 3764 literas
1577 3686 1798 3785 Apostolicas
1831 3692 2061 3774 executorias,
2090 3705 2128 3764 et

732 3795 829 3868 bunc
850 3810 1012 3870 nostrum
1035 3799 1237 3891 processum
1259 3819 1300 3868 ac
1320 3798 1436 3869 omnia
1458 3812 1495 3872 et
1516 3795 1656 3894 singula
1674 3799 1713 3872 in
1730 3801 1781 3873 eis
1798 3813 1973 3884 contenta,
1997 3797 2129 3893 praela·

732 3901 927 3974 tis'Joanni
951 3901 1101 3985 Allonsi,
1124 3918 1160 3977 et
1179 3902 1258 3974 aliis
1281 3903 1439 3986 Clericis,
1460 3904 1681 3986 Rectoribus,
1703 3902 1914 3986 Abbatibus,
1934 3903 2128 3988 Prioribus,

731 4007 942 4092 Abbatissis,
966 4009 1154 4094 Priorissis,
1177 4009 1350 4108 Cleroquc
1371 4022 1407 4083 et
1428 4007 1558 4107 populo
1579 4010 1614 4081 in
1631 4007 1727 4082 dicta
1745 4022 1846 4105 parte
1869 4012 1982 4107 Regni
2004 4013 2128 4085 Portu·

497 4193 503 4201 ,
606 4139 608 4144 ·
732 4117 846 4215 galiae
864 4116 1066 4190 constitutis
1085 4119 1247 4214 superius
1269 4117 1472 4202 nominatis,
1494 4141 1533 4191 ac
1551 4114 1630 4191 aliis
1648 4117 1683 4190 in
1702 4116 2034 4202 Administratione,
2058 4124 2127 4195 Ar-

732 4222 1042 4311 chidiaconatibus,
1059 4224 1343 4311 Canoniestibus,
1363 4224 1581 4310 Praebendis,
1601 4239 1639 4299 et
1657 4223 1836 4299 Beneficiis
1853 4227 1981 4300 creatis
1998 4241 2036 4300 et
2052 4249 2128 4302 ere·

732 4334 813 4414 ctis,
835 4345 877 4403 ut
896 4332 1108 4427 praefertur,
1130 4358 1261 4407 necnon
1280 4332 1468 4418 fructibus,
1488 4332 1700 4416 redditibus,
1719 4332 1959 4430 proventibus,
1975 4333 2127 4431 juribus,

717 4456 769 4515 ·et
790 4437 1060 4513 obventionibus
1092 4440 1292 4540 hujusmodi
1316 4444 1389 4541 J’am
1417 4438 1534 4514 forsan
1561 4440 1721 4524 intrusis,
1743 4439 1798 4514 vel
1820 4443 2051 4538 imposterum
2075 4443 2130 4514 in*

731 4547 930 4634 trudendis,
951 4572 1015 4645 per
1036 4547 1104 4621 boc
1125 4572 1287 4646 praesens
1308 4545 1488 4647 publicum
1512 4546 1682 4631 edictum,
1704 4560 1742 4621 et
1760 4548 1798 4619 in
1815 4547 2124 4647 audientiapubli·

639 4732 646 4750 ,
732 4682 772 4733 ca
794 4655 979 4729 literarum
1002 4656 1280 4732 contraditarum
1310 4679 1408 4729 more
1434 4659 1612 4730 Romanae
1636 4656 1755 4729 curiae
1779 4654 1930 4753 legendi,
1951 4679 1992 4728 sc
2014 4657 2128 4732 Palaci

732 4786 917 4851 causarum
952 4761 1158 4862 Apostolici,
1190 4778 1227 4837 et
1259 4761 1426 4837 basilicas
1456 4762 1630 4859 Principis
1663 4761 1913 4858 Apostolorum
1947 4763 1991 4839 de
2020 4765 2127 4849 Urbe,

732 4885 865 4946 necnon
894 4869 1067 4944 Ecclesiae
1089 4868 1309 4946 Catbedralis
1335 4870 1517 4953 Tudernis,
1543 4885 1581 4943 et
1603 4869 1648 4943 de
1668 4868 1877 4960 salvaterra,
1898 4886 1937 4946 et
1956 4872 2128 4957 Gaurdia,

736 4975 912 5053 Villarum
935 4974 1190 5053 Pamchialium
1212 4979 1326 5053 dictae
1347 4978 1520 5052 rudensis
1542 4977 1748 5052 Dioecesis
1738 4993 1775 5051 rb
1796 4977 1990 5076 partibus'
1981 5003 2017 5053 sn
2041 4978 2137 5058 locis

733 5087 995 5162 circumvicinis
1016 5083 1247 5160 Ecclesiamm
1272 5085 1393 5170 valvis,
1421 5106 1483 5162 seu
1505 5087 1630 5182 portis,
1653 5086 1820 5183 affigendi
1842 5102 1880 5162 et
1901 5085 2124 5210 publicandi·

733 5194 834 5270 vobis
856 5215 939 5269 vero
959 5190 1123 5265 omnibus
1142 5209 1181 5267 et
1203 5193 1354 5291 singulis
1375 5190 1585 5291 supradictis
1611 5192 1800 5291 ligitime
1790 5198 2013 5331 intimamus,
2043 5195 2127 5269 insi·
