<?xml version="1.0" encoding="UTF-8"?>
<!DOCTYPE html PUBLIC "-//W3C//DTD XHTML 1.0 Transitional//EN"
    "http://www.w3.org/TR/xhtml1/DTD/xhtml1-transitional.dtd">
<html xmlns="http://www.w3.org/1999/xhtml" xml:lang="en" lang="en">
 <head>
  <title>
</title>
<meta http-equiv="Content-Type" content="text/html;charset=utf-8" />
  <meta name='ocr-system' content='tesseract 3.04.00' />
  <meta name='ocr-capabilities' content='ocr_page ocr_carea ocr_par ocr_line ocrx_word'/>
</head>
<body>
  <div class='ocr_page' id='page_1' title='image "./memoriahistrica00jordgoog_0094.png"; bbox 0 0 5134 6450; ppageno 0'>
   <div class='ocr_carea' id='block_1_1' title="bbox 776 990 2255 2494">
    <p class='ocr_par' dir='ltr' id='par_1_1' title="bbox 776 990 2255 2494">
     <span class='ocr_line' id='line_1_1' title="bbox 777 990 2180 1105; baseline 0 -31"><span class='ocrx_word' id='word_1_1' title='bbox 777 1002 897 1076; x_wconf 80' lang='lat' dir='ltr'><strong>tinent</strong></span> <span class='ocrx_word' id='word_1_2' title='bbox 918 1001 1057 1099; x_wconf 75' lang='lat' dir='ltr'><strong>ligatos,</strong></span> <span class='ocrx_word' id='word_1_3' title='bbox 1079 1022 1120 1072; x_wconf 90' lang='grc'><strong>33</strong></span> <span class='ocrx_word' id='word_1_4' title='bbox 1140 999 1214 1071; x_wconf 86' lang='grc'><strong>3313</strong></span> <span class='ocrx_word' id='word_1_5' title='bbox 1234 990 1369 1098; x_wconf 82' lang='lat' dir='ltr'><strong>laqueis</strong></span> <span class='ocrx_word' id='word_1_6' title='bbox 1395 1010 1606 1082; x_wconf 75' lang='lat' dir='ltr'><strong>carceratos,</strong></span> <span class='ocrx_word' id='word_1_7' title='bbox 1629 996 1764 1072; x_wconf 85' lang='lat' dir='ltr'><strong>orando</strong></span> <span class='ocrx_word' id='word_1_8' title='bbox 1784 998 1878 1098; x_wconf 90' lang='lat' dir='ltr'><strong>quod</strong></span> <span class='ocrx_word' id='word_1_9' title='bbox 1903 1002 2077 1074; x_wconf 86' lang='lat' dir='ltr'>Dominus</span> <span class='ocrx_word' id='word_1_10' title='bbox 2097 1022 2180 1105; x_wconf 74' lang='lat' dir='ltr'><strong>nos-</strong></span> 
     </span>
     <span class='ocr_line' id='line_1_2' title="bbox 778 1100 2182 1203; baseline 0.002 -23"><span class='ocrx_word' id='word_1_11' title='bbox 778 1125 836 1183; x_wconf 90' lang='lat' dir='ltr'><strong>ter</strong></span> <span class='ocrx_word' id='word_1_12' title='bbox 862 1112 962 1183; x_wconf 85' lang='lat' dir='ltr'><strong>lesus</strong></span> <span class='ocrx_word' id='word_1_13' title='bbox 993 1107 1159 1181; x_wconf 78' lang='lat' dir='ltr'><strong>Christus</strong></span> <span class='ocrx_word' id='word_1_14' title='bbox 1187 1108 1280 1203; x_wconf 89' lang='lat' dir='ltr'><strong>ipsos</strong></span> <span class='ocrx_word' id='word_1_15' title='bbox 1307 1105 1350 1180; x_wconf 93' lang='lat' dir='ltr'><strong>ad</strong></span> <span class='ocrx_word' id='word_1_16' title='bbox 1377 1100 1587 1179; x_wconf 75' lang='lat' dir='ltr'><strong>catholicam</strong></span> <span class='ocrx_word' id='word_1_17' title='bbox 1615 1105 1720 1181; x_wconf 86' lang='lat' dir='ltr'><strong>fidem</strong></span> <span class='ocrx_word' id='word_1_18' title='bbox 1742 1110 1841 1183; x_wconf 64' lang='lat' dir='ltr'><strong>aas,</strong></span> <span class='ocrx_word' id='word_1_19' title='bbox 1860 1107 1984 1182; x_wconf 83' lang='lat' dir='ltr'><strong>Matris</strong></span> <span class='ocrx_word' id='word_1_20' title='bbox 2006 1106 2182 1184; x_wconf 87' lang='lat' dir='ltr'><strong>Eoclesiae</strong></span> 
     </span>
     <span class='ocr_line' id='line_1_3' title="bbox 779 1210 2188 1315; baseline 0 -27"><span class='ocrx_word' id='word_1_21' title='bbox 779 1216 959 1313; x_wconf 79' lang='lat' dir='ltr'><strong>gremium</strong></span> <span class='ocrx_word' id='word_1_22' title='bbox 978 1215 1147 1289; x_wconf 79' lang='lat' dir='ltr'>reducere</span> <span class='ocrx_word' id='word_1_23' title='bbox 1164 1214 1346 1311; x_wconf 80' lang='lat' dir='ltr'>dignetur,</span> <span class='ocrx_word' id='word_1_24' title='bbox 1365 1238 1411 1289; x_wconf 92' lang='lat' dir='ltr'><strong>ne</strong></span> <span class='ocrx_word' id='word_1_25' title='bbox 1428 1238 1487 1290; x_wconf 89' lang='lat' dir='ltr'><strong>eus</strong></span> <span class='ocrx_word' id='word_1_26' title='bbox 1504 1215 1541 1286; x_wconf 92' lang='lat' dir='ltr'><strong>in</strong></span> <span class='ocrx_word' id='word_1_27' title='bbox 1558 1210 1622 1286; x_wconf 90' lang='lat' dir='ltr'><strong>sali</strong></span> <span class='ocrx_word' id='word_1_28' title='bbox 1640 1214 1775 1288; x_wconf 85' lang='lat' dir='ltr'><strong>duritia</strong></span> <span class='ocrx_word' id='word_1_29' title='bbox 1791 1229 1830 1289; x_wconf 90' lang='grc'><strong>31</strong></span> <span class='ocrx_word' id='word_1_30' title='bbox 1844 1210 2080 1315; x_wconf 79' lang='lat' dir='ltr'><strong>¹pretersitate</strong></span> <span class='ocrx_word' id='word_1_31' title='bbox 2097 1236 2188 1312; x_wconf 72' lang='lat' dir='ltr'><strong>per·v</strong></span> 
     </span>
     <span class='ocr_line' id='line_1_4' title="bbox 778 1321 2180 1423; baseline 0.002 -29"><span class='ocrx_word' id='word_1_32' title='bbox 778 1322 903 1394; x_wconf 87' lang='lat' dir='ltr'><strong>mittat</strong></span> <span class='ocrx_word' id='word_1_33' title='bbox 923 1323 999 1397; x_wconf 90' lang='lat' dir='ltr'><strong>dies</strong></span> <span class='ocrx_word' id='word_1_34' title='bbox 1018 1346 1143 1396; x_wconf 90' lang='lat' dir='ltr'><strong>eornm</strong></span> <span class='ocrx_word' id='word_1_35' title='bbox 1171 1322 1292 1406; x_wconf 90' lang='lat' dir='ltr'><strong>finire,</strong></span> <span class='ocrx_word' id='word_1_36' title='bbox 1318 1346 1402 1396; x_wconf 89' lang='lat' dir='ltr'><strong>cum</strong></span> <span class='ocrx_word' id='word_1_37' title='bbox 1428 1321 1672 1396; x_wconf 76' lang='lat' dir='ltr'><strong>decantatione</strong></span> <span class='ocrx_word' id='word_1_38' title='bbox 1697 1324 1935 1419; x_wconf 82' lang='lat' dir='ltr'><strong>Responsorii,</strong></span> <span class='ocrx_word' id='word_1_39' title='bbox 1965 1324 2180 1423; x_wconf 78' lang='lat' dir='ltr'><strong>Revelqbunc</strong></span> 
     </span>
     <span class='ocr_line' id='line_1_5' title="bbox 778 1427 2255 1535; baseline 0.002 -34"><span class='ocrx_word' id='word_1_40' title='bbox 778 1429 864 1502; x_wconf 71' lang='lat' dir='ltr'><strong>Caed</strong></span> <span class='ocrx_word' id='word_1_41' title='bbox 881 1436 1099 1535; x_wconf 80' lang='lat' dir='ltr'><strong>iniqm&#39;tucem</strong></span> <span class='ocrx_word' id='word_1_42' title='bbox 1119 1430 1236 1511; x_wconf 79' lang='lat' dir='ltr'><strong>Judoe,</strong></span> <span class='ocrx_word' id='word_1_43' title='bbox 1253 1444 1291 1504; x_wconf 93' lang='lat' dir='ltr'><strong>et</strong></span> <span class='ocrx_word' id='word_1_44' title='bbox 1306 1444 1435 1512; x_wconf 86' lang='lat' dir='ltr'><strong>cetera,</strong></span> <span class='ocrx_word' id='word_1_45' title='bbox 1457 1453 1498 1503; x_wconf 88' lang='lat' dir='ltr'><strong>ao</strong></span> <span class='ocrx_word' id='word_1_46' title='bbox 1516 1427 1716 1502; x_wconf 87' lang='lat' dir='ltr'><strong>Psalmum:</strong></span> <span class='ocrx_word' id='word_1_47' title='bbox 1734 1430 1832 1502; x_wconf 79' lang='lat' dir='ltr'><strong>Deus</strong></span> <span class='ocrx_word' id='word_1_48' title='bbox 1849 1429 1986 1504; x_wconf 72' lang='lat' dir='ltr'><strong>laudern</strong></span> <span class='ocrx_word' id='word_1_49' title='bbox 2003 1455 2113 1504; x_wconf 78' lang='lat' dir='ltr'><strong>meam</strong></span> <span class='ocrx_word' id='word_1_50' title='bbox 2133 1457 2179 1504; x_wconf 76' lang='lat' dir='ltr'><strong>ne</strong></span> <span class='ocrx_word' id='word_1_51' title='bbox 2251 1440 2255 1455; x_wconf 92' lang='grc'><em>’</em></span> 
     </span>
     <span class='ocr_line' id='line_1_6' title="bbox 778 1530 2180 1637; baseline 0.001 -29"><span class='ocrx_word' id='word_1_52' title='bbox 778 1543 940 1623; x_wconf 65' lang='lat' dir='ltr'><strong>tacuero,</strong></span> <span class='ocrx_word' id='word_1_53' title='bbox 968 1553 1006 1613; x_wconf 90' lang='grc'><strong>31</strong></span> <span class='ocrx_word' id='word_1_54' title='bbox 1028 1552 1157 1621; x_wconf 84' lang='lat' dir='ltr'><strong>cetera,</strong></span> <span class='ocrx_word' id='word_1_55' title='bbox 1178 1562 1261 1611; x_wconf 90' lang='lat' dir='ltr'><strong>cum</strong></span> <span class='ocrx_word' id='word_1_56' title='bbox 1284 1530 1487 1634; x_wconf 83' lang='lat' dir='ltr'><strong>Antiphona</strong></span> <span class='ocrx_word' id='word_1_57' title='bbox 1511 1536 1733 1625; x_wconf 72' lang='lat' dir='ltr'><strong>madianita,</strong></span> <span class='ocrx_word' id='word_1_58' title='bbox 1755 1561 1796 1611; x_wconf 88' lang='lat' dir='ltr'><strong>ac</strong></span> <span class='ocrx_word' id='word_1_59' title='bbox 1819 1535 2020 1637; x_wconf 88' lang='lat' dir='ltr'><strong>hujusmodi</strong></span> <span class='ocrx_word' id='word_1_60' title='bbox 2042 1536 2180 1614; x_wconf 81' lang='lat' dir='ltr'><strong>Psalmo</strong></span> 
     </span>
     <span class='ocr_line' id='line_1_7' title="bbox 777 1643 2181 1745; baseline 0.001 -30"><span class='ocrx_word' id='word_1_61' title='bbox 777 1643 939 1733; x_wconf 81' lang='lat' dir='ltr'><strong>totaliter</strong></span> <span class='ocrx_word' id='word_1_62' title='bbox 960 1646 1073 1730; x_wconf 85' lang='lat' dir='ltr'><strong>linito,</strong></span> <span class='ocrx_word' id='word_1_63' title='bbox 1096 1645 1138 1718; x_wconf 91' lang='lat' dir='ltr'><strong>ad</strong></span> <span class='ocrx_word' id='word_1_64' title='bbox 1159 1647 1281 1745; x_wconf 90' lang='lat' dir='ltr'><strong>januas</strong></span> <span class='ocrx_word' id='word_1_65' title='bbox 1304 1643 1542 1718; x_wconf 85' lang='lat' dir='ltr'><strong>Ecclesiarum</strong></span> <span class='ocrx_word' id='word_1_66' title='bbox 1565 1657 1766 1718; x_wconf 83' lang='lat' dir='ltr'><strong>vestrarum</strong></span> <span class='ocrx_word' id='word_1_67' title='bbox 1787 1669 1955 1719; x_wconf 88' lang='lat' dir='ltr'><strong>unacum</strong></span> <span class='ocrx_word' id='word_1_68' title='bbox 1975 1644 2121 1721; x_wconf 79' lang='lat' dir='ltr'><strong>clericis</strong></span> <span class='ocrx_word' id='word_1_69' title='bbox 2142 1659 2181 1720; x_wconf 90' lang='lat' dir='ltr'><strong>et</strong></span> 
     </span>
     <span class='ocr_line' id='line_1_8' title="bbox 778 1746 2240 1848; baseline 0.001 -25"><span class='ocrx_word' id='word_1_70' title='bbox 778 1752 1002 1826; x_wconf 89' lang='lat' dir='ltr'><strong>Parochianis</strong></span> <span class='ocrx_word' id='word_1_71' title='bbox 1027 1752 1246 1834; x_wconf 76' lang='grc'><strong>3333133133,</strong></span> <span class='ocrx_word' id='word_1_72' title='bbox 1273 1766 1311 1826; x_wconf 85' lang='grc'><strong>31</strong></span> <span class='ocrx_word' id='word_1_73' title='bbox 1336 1752 1379 1824; x_wconf 93' lang='lat' dir='ltr'><strong>ad</strong></span> <span class='ocrx_word' id='word_1_74' title='bbox 1406 1768 1596 1835; x_wconf 84' lang='lat' dir='ltr'><strong>terrorem,</strong></span> <span class='ocrx_word' id='word_1_75' title='bbox 1625 1767 1668 1823; x_wconf 91' lang='lat' dir='ltr'><strong>ut</strong></span> <span class='ocrx_word' id='word_1_76' title='bbox 1690 1754 1757 1848; x_wconf 86' lang='lat' dir='ltr'><strong>ipsi</strong></span> <span class='ocrx_word' id='word_1_77' title='bbox 1779 1746 1929 1828; x_wconf 83' lang='lat' dir='ltr'><strong>loannes</strong></span> <span class='ocrx_word' id='word_1_78' title='bbox 1951 1752 2114 1836; x_wconf 83' lang='lat' dir='ltr'><strong>Alionsi,</strong></span> <span class='ocrx_word' id='word_1_79' title='bbox 2141 1766 2181 1827; x_wconf 91' lang='lat' dir='ltr'><strong>et</strong></span> <span class='ocrx_word' id='word_1_80' title='bbox 2235 1808 2240 1816; x_wconf 89' lang='lat'>.</span> 
     </span>
     <span class='ocr_line' id='line_1_9' title="bbox 776 1857 2180 1946; baseline 0.006 -17"><span class='ocrx_word' id='word_1_81' title='bbox 776 1857 838 1931; x_wconf 91' lang='lat' dir='ltr'><strong>alii</strong></span> <span class='ocrx_word' id='word_1_82' title='bbox 860 1859 989 1934; x_wconf 83' lang='lat' dir='ltr'><strong>Clerici</strong></span> <span class='ocrx_word' id='word_1_83' title='bbox 1009 1864 1186 1946; x_wconf 84' lang='lat' dir='ltr'><strong>Rectores,</strong></span> <span class='ocrx_word' id='word_1_84' title='bbox 1214 1859 1385 1943; x_wconf 66' lang='lat' dir='ltr'><strong>abbates,</strong></span> <span class='ocrx_word' id='word_1_85' title='bbox 1409 1861 1558 1942; x_wconf 78' lang='lat' dir='ltr'><strong>Priores,</strong></span> <span class='ocrx_word' id='word_1_86' title='bbox 1583 1857 1800 1944; x_wconf 80' lang='lat' dir='ltr'><strong>Abbatissae‚</strong></span> <span class='ocrx_word' id='word_1_87' title='bbox 1822 1874 1860 1934; x_wconf 90' lang='lat' dir='ltr'><strong>et</strong></span> <span class='ocrx_word' id='word_1_88' title='bbox 1879 1862 2068 1936; x_wconf 85' lang='lat' dir='ltr'><strong>Priorissae</strong></span> <span class='ocrx_word' id='word_1_89' title='bbox 2089 1862 2180 1936; x_wconf 79' lang='lat' dir='ltr'><strong>con-</strong></span> 
     </span>
     <span class='ocr_line' id='line_1_10' title="bbox 777 1965 2181 2065; baseline 0.001 -25"><span class='ocrx_word' id='word_1_90' title='bbox 777 1980 917 2050; x_wconf 78' lang='lat' dir='ltr'><strong>ventus,</strong></span> <span class='ocrx_word' id='word_1_91' title='bbox 936 1967 1074 2051; x_wconf 88' lang='lat' dir='ltr'><strong>Clerus,</strong></span> <span class='ocrx_word' id='word_1_92' title='bbox 1101 1982 1139 2042; x_wconf 90' lang='lat' dir='ltr'><strong>et</strong></span> <span class='ocrx_word' id='word_1_93' title='bbox 1158 1965 1310 2065; x_wconf 90' lang='lat' dir='ltr'><strong>populus</strong></span> <span class='ocrx_word' id='word_1_94' title='bbox 1333 1966 1448 2041; x_wconf 86' lang='lat' dir='ltr'><strong>dictae</strong></span> <span class='ocrx_word' id='word_1_95' title='bbox 1474 1966 1651 2041; x_wconf 83' lang='grc'><strong>1113333313</strong></span> <span class='ocrx_word' id='word_1_96' title='bbox 1680 1966 1852 2041; x_wconf 82' lang='lat' dir='ltr'><strong>Tudensis</strong></span> <span class='ocrx_word' id='word_1_97' title='bbox 1877 1970 2038 2065; x_wconf 90' lang='lat' dir='ltr'><strong>superius</strong></span> <span class='ocrx_word' id='word_1_98' title='bbox 2064 1971 2181 2041; x_wconf 87' lang='lat' dir='ltr'><strong>nomi·</strong></span> 
     </span>
     <span class='ocr_line' id='line_1_11' title="bbox 776 2073 2180 2173; baseline 0.002 -29"><span class='ocrx_word' id='word_1_99' title='bbox 776 2075 866 2157; x_wconf 90' lang='lat' dir='ltr'><strong>nati,</strong></span> <span class='ocrx_word' id='word_1_100' title='bbox 888 2090 926 2149; x_wconf 92' lang='lat' dir='ltr'><strong>et</strong></span> <span class='ocrx_word' id='word_1_101' title='bbox 945 2074 1007 2148; x_wconf 93' lang='grc'><strong>3111</strong></span> <span class='ocrx_word' id='word_1_102' title='bbox 1026 2077 1099 2173; x_wconf 90' lang='lat' dir='ltr'><strong>jam</strong></span> <span class='ocrx_word' id='word_1_103' title='bbox 1123 2075 1240 2148; x_wconf 83' lang='lat' dir='ltr'><strong>forsan</strong></span> <span class='ocrx_word' id='word_1_104' title='bbox 1263 2076 1392 2147; x_wconf 77' lang='lat' dir='ltr'><strong>intrusi</strong></span> <span class='ocrx_word' id='word_1_105' title='bbox 1413 2073 1469 2148; x_wconf 85' lang='lat' dir='ltr'><strong>vel</strong></span> <span class='ocrx_word' id='word_1_106' title='bbox 1493 2075 1724 2171; x_wconf 87' lang='lat' dir='ltr'><strong>imposterum</strong></span> <span class='ocrx_word' id='word_1_107' title='bbox 1753 2074 1972 2159; x_wconf 88' lang='lat' dir='ltr'><strong>intrudendi,</strong></span> <span class='ocrx_word' id='word_1_108' title='bbox 1995 2076 2031 2148; x_wconf 93' lang='lat' dir='ltr'><strong>in</strong></span> <span class='ocrx_word' id='word_1_109' title='bbox 2053 2073 2180 2149; x_wconf 84' lang='lat' dir='ltr'><strong>Admi-</strong></span> 
     </span>
     <span class='ocr_line' id='line_1_12' title="bbox 776 2180 2180 2268; baseline 0.003 -16"><span class='ocrx_word' id='word_1_110' title='bbox 776 2183 997 2268; x_wconf 87' lang='lat' dir='ltr'><strong>nistratione,</strong></span> <span class='ocrx_word' id='word_1_111' title='bbox 1033 2180 1402 2263; x_wconf 85' lang='lat' dir='ltr'><strong>Archidiaconatibus,</strong></span> <span class='ocrx_word' id='word_1_112' title='bbox 1428 2181 1711 2265; x_wconf 70' lang='lat' dir='ltr'><strong>canonicatibus,</strong></span> <span class='ocrx_word' id='word_1_113' title='bbox 1744 2182 1929 2256; x_wconf 81' lang='lat' dir='ltr'><strong>Beneficiis</strong></span> <span class='ocrx_word' id='word_1_114' title='bbox 1954 2196 1993 2255; x_wconf 88' lang='lat' dir='ltr'><strong>et</strong></span> <span class='ocrx_word' id='word_1_115' title='bbox 2018 2180 2095 2255; x_wconf 92' lang='lat' dir='ltr'><strong>aliis</strong></span> <span class='ocrx_word' id='word_1_116' title='bbox 2120 2206 2180 2256; x_wconf 91' lang='lat' dir='ltr'><strong>su·</strong></span> 
     </span>
     <span class='ocr_line' id='line_1_13' title="bbox 777 2287 2180 2387; baseline 0.001 -26"><span class='ocrx_word' id='word_1_117' title='bbox 777 2288 967 2383; x_wconf 88' lang='lat' dir='ltr'><strong>pradictis,</strong></span> <span class='ocrx_word' id='word_1_118' title='bbox 996 2305 1039 2363; x_wconf 90' lang='lat' dir='ltr'><strong>ut</strong></span> <span class='ocrx_word' id='word_1_119' title='bbox 1065 2291 1276 2386; x_wconf 75' lang='lat' dir='ltr'><strong>praefertur,</strong></span> <span class='ocrx_word' id='word_1_120' title='bbox 1302 2313 1343 2363; x_wconf 93' lang='lat' dir='ltr'><strong>eo</strong></span> <span class='ocrx_word' id='word_1_121' title='bbox 1365 2290 1472 2363; x_wconf 90' lang='lat' dir='ltr'><strong>citius</strong></span> <span class='ocrx_word' id='word_1_122' title='bbox 1492 2289 1535 2361; x_wconf 90' lang='lat' dir='ltr'><strong>ad</strong></span> <span class='ocrx_word' id='word_1_123' title='bbox 1559 2287 1794 2364; x_wconf 76' lang='lat' dir='ltr'><strong>obedientiam</strong></span> <span class='ocrx_word' id='word_1_124' title='bbox 1817 2289 2070 2372; x_wconf 68' lang='lat' dir='ltr'><strong>redeuntum</strong></span> <span class='ocrx_word' id='word_1_125' title='bbox 2093 2288 2180 2387; x_wconf 93' lang='lat' dir='ltr'><strong>lapi-</strong></span> 
     </span>
     <span class='ocr_line' id='line_1_14' title="bbox 776 2395 2181 2494; baseline 0.002 -27"><span class='ocrx_word' id='word_1_126' title='bbox 776 2395 838 2468; x_wconf 90' lang='lat' dir='ltr'><strong>des</strong></span> <span class='ocrx_word' id='word_1_127' title='bbox 859 2397 1027 2473; x_wconf 81' lang='lat' dir='ltr'><strong>adversus</strong></span> <span class='ocrx_word' id='word_1_128' title='bbox 1047 2398 1168 2470; x_wconf 89' lang='lat' dir='ltr'><strong>domos</strong></span> <span class='ocrx_word' id='word_1_129' title='bbox 1190 2395 1450 2470; x_wconf 81' lang='lat' dir='ltr'><strong>habitationum</strong></span> <span class='ocrx_word' id='word_1_130' title='bbox 1478 2420 1625 2470; x_wconf 90' lang='lat' dir='ltr'><strong>suarum</strong></span> <span class='ocrx_word' id='word_1_131' title='bbox 1646 2397 1865 2494; x_wconf 80' lang='lat' dir='ltr'><strong>projiciendo·</strong></span> <span class='ocrx_word' id='word_1_132' title='bbox 1883 2398 1917 2469; x_wconf 94' lang='lat' dir='ltr'><strong>in</strong></span> <span class='ocrx_word' id='word_1_133' title='bbox 1939 2398 2082 2494; x_wconf 78' lang='lat' dir='ltr'><strong>signum</strong></span> <span class='ocrx_word' id='word_1_134' title='bbox 2105 2420 2181 2470; x_wconf 88' lang='lat' dir='ltr'><strong>ma·</strong></span> 
     </span>
    </p>
   </div>
   <div class='ocr_carea' id='block_1_2' title="bbox 621 2500 2180 2604">
    <p class='ocr_par' dir='ltr' id='par_1_2' title="bbox 621 2500 2180 2604">
     <span class='ocr_line' id='line_1_15' title="bbox 621 2500 2180 2604; baseline 0.003 -32"><span class='ocrx_word' id='word_1_135' title='bbox 621 2510 626 2531; x_wconf 88' lang='lat'><strong>¹</strong></span> <span class='ocrx_word' id='word_1_136' title='bbox 717 2538 721 2549; x_wconf 73' lang='lat'><strong>,</strong></span> <span class='ocrx_word' id='word_1_137' title='bbox 777 2500 976 2577; x_wconf 75' lang='lat' dir='ltr'><strong>indictionis</strong></span> <span class='ocrx_word' id='word_1_138' title='bbox 996 2519 1157 2579; x_wconf 89' lang='lat' dir='ltr'><strong>aeternae</strong></span> <span class='ocrx_word' id='word_1_139' title='bbox 1177 2529 1286 2603; x_wconf 89' lang='lat' dir='ltr'><strong>quam</strong></span> <span class='ocrx_word' id='word_1_140' title='bbox 1310 2509 1407 2579; x_wconf 88' lang='lat' dir='ltr'><strong>Deus</strong></span> <span class='ocrx_word' id='word_1_141' title='bbox 1427 2504 1527 2578; x_wconf 86' lang='lat' dir='ltr'><strong>dedit</strong></span> <span class='ocrx_word' id='word_1_142' title='bbox 1548 2507 1660 2577; x_wconf 86' lang='lat' dir='ltr'><strong>Datan</strong></span> <span class='ocrx_word' id='word_1_143' title='bbox 1678 2519 1720 2578; x_wconf 74' lang='lat' dir='ltr'><strong>et·</strong></span> <span class='ocrx_word' id='word_1_144' title='bbox 1735 2504 1886 2591; x_wconf 75' lang='lat' dir='ltr'><strong>Abiron,</strong></span> <span class='ocrx_word' id='word_1_145' title='bbox 1904 2526 1993 2604; x_wconf 87' lang='lat' dir='ltr'><strong>quos</strong></span> <span class='ocrx_word' id='word_1_146' title='bbox 2010 2520 2107 2579; x_wconf 86' lang='lat' dir='ltr'><strong>terra</strong></span> <span class='ocrx_word' id='word_1_147' title='bbox 2125 2507 2180 2577; x_wconf 84' lang='lat' dir='ltr'><strong>ri-</strong></span> 
     </span>
    </p>
   </div>
   <div class='ocr_carea' id='block_1_3' title="bbox 674 2610 2183 3892">
    <p class='ocr_par' dir='ltr' id='par_1_3' title="bbox 681 2610 2183 3114">
     <span class='ocr_line' id='line_1_16' title="bbox 681 2610 2180 2712; baseline 0.007 -37"><span class='ocrx_word' id='word_1_148' title='bbox 681 2662 684 2675; x_wconf 86' lang='lat'>.</span> <span class='ocrx_word' id='word_1_149' title='bbox 742 2616 746 2623; x_wconf 87' lang='lat'>&#39;</span> <span class='ocrx_word' id='word_1_150' title='bbox 777 2633 838 2683; x_wconf 86' lang='lat' dir='ltr'><strong>vos</strong></span> <span class='ocrx_word' id='word_1_151' title='bbox 859 2610 1052 2693; x_wconf 87' lang='lat' dir='ltr'><strong>absorbuit,</strong></span> <span class='ocrx_word' id='word_1_152' title='bbox 1075 2613 1183 2685; x_wconf 88' lang='lat' dir='ltr'><strong>etiam</strong></span> <span class='ocrx_word' id='word_1_153' title='bbox 1207 2612 1449 2708; x_wconf 80' lang='lat' dir='ltr'><strong>postllissam</strong></span> <span class='ocrx_word' id='word_1_154' title='bbox 1476 2624 1513 2684; x_wconf 91' lang='lat' dir='ltr'><strong>et</strong></span> <span class='ocrx_word' id='word_1_155' title='bbox 1535 2611 1572 2681; x_wconf 96' lang='lat' dir='ltr'><strong>in</strong></span> <span class='ocrx_word' id='word_1_156' title='bbox 1595 2611 1772 2708; x_wconf 86' lang='lat' dir='ltr'><strong>Vesperis,</strong></span> <span class='ocrx_word' id='word_1_157' title='bbox 1794 2626 1831 2685; x_wconf 90' lang='grc'><strong>31</strong></span> <span class='ocrx_word' id='word_1_158' title='bbox 1852 2611 1931 2685; x_wconf 88' lang='grc'><strong>31113</strong></span> <span class='ocrx_word' id='word_1_159' title='bbox 1953 2611 2180 2712; x_wconf 81' lang='lat' dir='ltr'><strong>quibuscum·</strong></span> 
     </span>
     <span class='ocr_line' id='line_1_17' title="bbox 776 2716 2183 2817; baseline 0.003 -28"><span class='ocrx_word' id='word_1_160' title='bbox 776 2730 846 2813; x_wconf 83' lang='lat' dir='ltr'><strong>q&#39;uc</strong></span> <span class='ocrx_word' id='word_1_161' title='bbox 868 2716 965 2790; x_wconf 89' lang='lat' dir='ltr'><strong>horis</strong></span> <span class='ocrx_word' id='word_1_162' title='bbox 986 2719 1171 2800; x_wconf 87' lang='lat' dir='ltr'><strong>canonicis,</strong></span> <span class='ocrx_word' id='word_1_163' title='bbox 1193 2732 1229 2791; x_wconf 90' lang='lat' dir='ltr'><strong>et</strong></span> <span class='ocrx_word' id='word_1_164' title='bbox 1252 2716 1581 2814; x_wconf 79' lang='lat' dir='ltr'><strong>praedicationibus,</strong></span> <span class='ocrx_word' id='word_1_165' title='bbox 1603 2717 1813 2815; x_wconf 86' lang='lat' dir='ltr'><strong>publicetis:</strong></span> <span class='ocrx_word' id='word_1_166' title='bbox 1833 2743 1874 2792; x_wconf 89' lang='lat' dir='ltr'><strong>ac</strong></span> <span class='ocrx_word' id='word_1_167' title='bbox 1892 2721 2102 2817; x_wconf 88' lang='lat' dir='ltr'><strong>supradictis</strong></span> <span class='ocrx_word' id='word_1_168' title='bbox 2118 2719 2183 2793; x_wconf 86' lang='lat' dir='ltr'><strong>de·</strong></span> 
     </span>
     <span class='ocr_line' id='line_1_18' title="bbox 773 2823 2183 2924; baseline 0.006 -30"><span class='ocrx_word' id='word_1_169' title='bbox 773 2826 1006 2897; x_wconf 86' lang='lat' dir='ltr'><strong>nuntiationis</strong></span> <span class='ocrx_word' id='word_1_170' title='bbox 1039 2824 1253 2909; x_wconf 88' lang='lat' dir='ltr'><strong>innovando,</strong></span> <span class='ocrx_word' id='word_1_171' title='bbox 1280 2826 1509 2909; x_wconf 85' lang='lat' dir='ltr'><strong>denuntietis,</strong></span> <span class='ocrx_word' id='word_1_172' title='bbox 1536 2840 1574 2898; x_wconf 90' lang='lat' dir='ltr'><strong>et</strong></span> <span class='ocrx_word' id='word_1_173' title='bbox 1593 2823 1639 2897; x_wconf 88' lang='lat' dir='ltr'><strong>ab</strong></span> <span class='ocrx_word' id='word_1_174' title='bbox 1659 2825 1742 2900; x_wconf 91' lang='lat' dir='ltr'><strong>aliis·</strong></span> <span class='ocrx_word' id='word_1_175' title='bbox 1760 2827 1808 2901; x_wconf 88' lang='lat' dir='ltr'><strong>ita</strong></span> <span class='ocrx_word' id='word_1_176' title='bbox 1830 2827 2032 2901; x_wconf 90' lang='lat' dir='ltr'><strong>denuntiari</strong></span> <span class='ocrx_word' id='word_1_177' title='bbox 2057 2841 2094 2901; x_wconf 91' lang='lat' dir='ltr'><strong>et</strong></span> <span class='ocrx_word' id='word_1_178' title='bbox 2114 2850 2183 2924; x_wconf 86' lang='lat' dir='ltr'><strong>pu·</strong></span> 
     </span>
     <span class='ocr_line' id='line_1_19' title="bbox 776 2924 2182 3032; baseline 0.004 -29"><span class='ocrx_word' id='word_1_179' title='bbox 776 2930 901 3004; x_wconf 79' lang='lat' dir='ltr'><strong>blicani</strong></span> <span class='ocrx_word' id='word_1_180' title='bbox 916 2933 1070 3016; x_wconf 81' lang='grc' dir='ltr'><strong>Ι13313113,</strong></span> <span class='ocrx_word' id='word_1_181' title='bbox 1093 2947 1131 3006; x_wconf 87' lang='grc'><strong>31</strong></span> <span class='ocrx_word' id='word_1_182' title='bbox 1152 2933 1337 3016; x_wconf 80' lang='lat' dir='ltr'><strong>mandetis,</strong></span> <span class='ocrx_word' id='word_1_183' title='bbox 1359 2954 1544 3032; x_wconf 88' lang='lat' dir='ltr'><strong>quousque</strong></span> <span class='ocrx_word' id='word_1_184' title='bbox 1562 2930 1658 3006; x_wconf 89' lang='lat' dir='ltr'><strong>aliud</strong></span> <span class='ocrx_word' id='word_1_185' title='bbox 1678 2924 1888 3009; x_wconf 67' lang='grc'><strong>13313331</strong></span> <span class='ocrx_word' id='word_1_186' title='bbox 1907 2936 2079 3032; x_wconf 79' lang='lat' dir='ltr'><strong>superiori</strong></span> <span class='ocrx_word' id='word_1_187' title='bbox 2099 2958 2182 3008; x_wconf 87' lang='lat' dir='ltr'><strong>nos-</strong></span> 
     </span>
     <span class='ocr_line' id='line_1_20' title="bbox 773 3039 1328 3114; baseline 0.002 -4"><span class='ocrx_word' id='word_1_188' title='bbox 773 3054 835 3111; x_wconf 86' lang='lat' dir='ltr'><strong>tro</strong></span> <span class='ocrx_word' id='word_1_189' title='bbox 855 3039 1056 3114; x_wconf 83' lang='lat' dir='ltr'><strong>habueritis</strong></span> <span class='ocrx_word' id='word_1_190' title='bbox 1083 3040 1118 3112; x_wconf 93' lang='lat' dir='ltr'><strong>in</strong></span> <span class='ocrx_word' id='word_1_191' title='bbox 1143 3041 1328 3114; x_wconf 91' lang='lat' dir='ltr'><strong>mandatis.</strong></span> 
     </span>
    </p>

    <p class='ocr_par' dir='ltr' id='par_1_4' title="bbox 674 3147 2182 3892">
     <span class='ocr_line' id='line_1_21' title="bbox 888 3147 2182 3245; baseline 0.005 -28"><span class='ocrx_word' id='word_1_192' title='bbox 888 3150 932 3218; x_wconf 79' lang='lat' dir='ltr'><strong>lb</strong></span> <span class='ocrx_word' id='word_1_193' title='bbox 988 3149 1024 3220; x_wconf 91' lang='lat' dir='ltr'><strong>Si</strong></span> <span class='ocrx_word' id='word_1_194' title='bbox 1048 3171 1131 3220; x_wconf 85' lang='lat' dir='ltr'><strong>vero</strong></span> <span class='ocrx_word' id='word_1_195' title='bbox 1152 3147 1301 3245; x_wconf 79' lang='lat' dir='ltr'><strong>praelati</strong></span> <span class='ocrx_word' id='word_1_196' title='bbox 1327 3150 1478 3222; x_wconf 80' lang='lat' dir='ltr'><strong>loannes</strong></span> <span class='ocrx_word' id='word_1_197' title='bbox 1498 3147 1660 3232; x_wconf 75' lang='grc'><strong>31113331,</strong></span> <span class='ocrx_word' id='word_1_198' title='bbox 1688 3162 1726 3222; x_wconf 86' lang='grc'><strong>31</strong></span> <span class='ocrx_word' id='word_1_199' title='bbox 1746 3149 1808 3223; x_wconf 87' lang='grc'><strong>3111</strong></span> <span class='ocrx_word' id='word_1_200' title='bbox 1831 3149 1974 3234; x_wconf 87' lang='lat' dir='ltr'><strong>Clerici,</strong></span> <span class='ocrx_word' id='word_1_201' title='bbox 1996 3154 2182 3233; x_wconf 71' lang='lat' dir='ltr'><strong>Rectorrs,</strong></span> 
     </span>
     <span class='ocr_line' id='line_1_22' title="bbox 776 3252 2179 3356; baseline 0.004 -29"><span class='ocrx_word' id='word_1_202' title='bbox 776 3252 947 3338; x_wconf 75' lang='lat' dir='ltr'><strong>abbates,</strong></span> <span class='ocrx_word' id='word_1_203' title='bbox 969 3256 1119 3338; x_wconf 86' lang='lat' dir='ltr'><strong>Priores,</strong></span> <span class='ocrx_word' id='word_1_204' title='bbox 1143 3254 1367 3339; x_wconf 72' lang='lat' dir='ltr'><strong>Abbatissae</strong></span> <span class='ocrx_word' id='word_1_205' title='bbox 1388 3257 1591 3340; x_wconf 83' lang='lat' dir='ltr'><strong>Priorissae,</strong></span> <span class='ocrx_word' id='word_1_206' title='bbox 1612 3257 1831 3356; x_wconf 69' lang='lat' dir='ltr'><strong>Contentus,</strong></span> <span class='ocrx_word' id='word_1_207' title='bbox 1847 3256 1985 3341; x_wconf 86' lang='lat' dir='ltr'><strong>Clerus,</strong></span> <span class='ocrx_word' id='word_1_208' title='bbox 2006 3272 2044 3332; x_wconf 91' lang='lat' dir='ltr'><strong>et</strong></span> <span class='ocrx_word' id='word_1_209' title='bbox 2065 3261 2179 3356; x_wconf 88' lang='lat' dir='ltr'><strong>Popu-</strong></span> 
     </span>
     <span class='ocr_line' id='line_1_23' title="bbox 774 3359 2179 3460; baseline 0.005 -29"><span class='ocrx_word' id='word_1_210' title='bbox 774 3359 831 3432; x_wconf 85' lang='lat' dir='ltr'><strong>lus</strong></span> <span class='ocrx_word' id='word_1_211' title='bbox 852 3361 966 3435; x_wconf 88' lang='lat' dir='ltr'><strong>dictae</strong></span> <span class='ocrx_word' id='word_1_212' title='bbox 994 3363 1170 3437; x_wconf 89' lang='lat' dir='ltr'><strong>Dioecesis</strong></span> <span class='ocrx_word' id='word_1_213' title='bbox 1186 3362 1386 3456; x_wconf 75' lang='grc' dir='ltr'><strong>Ι13133313,</strong></span> <span class='ocrx_word' id='word_1_214' title='bbox 1415 3364 1578 3460; x_wconf 87' lang='lat' dir='ltr'><strong>superius</strong></span> <span class='ocrx_word' id='word_1_215' title='bbox 1603 3366 1791 3450; x_wconf 86' lang='lat' dir='ltr'><strong>nominati,</strong></span> <span class='ocrx_word' id='word_1_216' title='bbox 1814 3380 1853 3439; x_wconf 87' lang='grc'><strong>31</strong></span> <span class='ocrx_word' id='word_1_217' title='bbox 1876 3364 1938 3439; x_wconf 82' lang='lat' dir='ltr'><strong>alii</strong></span> <span class='ocrx_word' id='word_1_218' title='bbox 1966 3367 2094 3440; x_wconf 85' lang='lat' dir='ltr'><strong>intrusi</strong></span> <span class='ocrx_word' id='word_1_219' title='bbox 2118 3365 2179 3442; x_wconf 83' lang='lat' dir='ltr'><strong>-rel</strong></span> 
     </span>
     <span class='ocr_line' id='line_1_24' title="bbox 774 3469 2178 3563; baseline 0.006 -25"><span class='ocrx_word' id='word_1_220' title='bbox 774 3469 1009 3563; x_wconf 84' lang='lat' dir='ltr'><strong>imposterum</strong></span> <span class='ocrx_word' id='word_1_221' title='bbox 1033 3470 1238 3543; x_wconf 84' lang='lat' dir='ltr'><strong>intmdendi</strong></span> <span class='ocrx_word' id='word_1_222' title='bbox 1261 3471 1299 3543; x_wconf 90' lang='lat' dir='ltr'><strong>in</strong></span> <span class='ocrx_word' id='word_1_223' title='bbox 1322 3469 1651 3556; x_wconf 74' lang='lat' dir='ltr'><strong>administratione,</strong></span> <span class='ocrx_word' id='word_1_224' title='bbox 1680 3472 2045 3557; x_wconf 79' lang='lat' dir='ltr'><strong>Arcbidiaoonatibus,</strong></span> <span class='ocrx_word' id='word_1_225' title='bbox 2067 3477 2178 3550; x_wconf 83' lang='lat' dir='ltr'><strong>Cano·</strong></span> 
     </span>
     <span class='ocr_line' id='line_1_25' title="bbox 674 3575 2179 3677; baseline 0.007 -34"><span class='ocrx_word' id='word_1_226' title='bbox 674 3649 680 3659; x_wconf 82' lang='lat'>.</span> <span class='ocrx_word' id='word_1_227' title='bbox 774 3575 964 3660; x_wconf 86' lang='lat' dir='ltr'><strong>nicatibus,</strong></span> <span class='ocrx_word' id='word_1_228' title='bbox 983 3577 1177 3672; x_wconf 85' lang='lat' dir='ltr'><strong>Beneficiis,</strong></span> <span class='ocrx_word' id='word_1_229' title='bbox 1195 3577 1327 3652; x_wconf 89' lang='grc'><strong>3131113</strong></span> <span class='ocrx_word' id='word_1_230' title='bbox 1345 3577 1566 3675; x_wconf 77' lang='lat' dir='ltr'><strong>supradietis,</strong></span> <span class='ocrx_word' id='word_1_231' title='bbox 1585 3593 1629 3652; x_wconf 89' lang='grc'><strong>31</strong></span> <span class='ocrx_word' id='word_1_232' title='bbox 1647 3581 1862 3677; x_wconf 76' lang='lat' dir='ltr'><strong>praefertur,</strong></span> <span class='ocrx_word' id='word_1_233' title='bbox 1876 3582 2179 3657; x_wconf 89' lang='lat' dir='ltr'><strong>denuntiationem</strong></span> 
     </span>
     <span class='ocr_line' id='line_1_26' title="bbox 774 3683 2178 3786; baseline 0.009 -33"><span class='ocrx_word' id='word_1_234' title='bbox 774 3697 812 3754; x_wconf 89' lang='lat' dir='ltr'><strong>et</strong></span> <span class='ocrx_word' id='word_1_235' title='bbox 834 3683 1098 3757; x_wconf 82' lang='lat' dir='ltr'><strong>innovationem</strong></span> <span class='ocrx_word' id='word_1_236' title='bbox 1125 3684 1330 3783; x_wconf 88' lang='lat' dir='ltr'><strong>hujusmodi</strong></span> <span class='ocrx_word' id='word_1_237' title='bbox 1356 3709 1421 3783; x_wconf 91' lang='lat' dir='ltr'><strong>per</strong></span> <span class='ocrx_word' id='word_1_238' title='bbox 1445 3685 1534 3759; x_wconf 88' lang='lat' dir='ltr'><strong>alios</strong></span> <span class='ocrx_word' id='word_1_239' title='bbox 1560 3688 1765 3786; x_wconf 87' lang='lat' dir='ltr'><strong>quindecim</strong></span> <span class='ocrx_word' id='word_1_240' title='bbox 1792 3690 1869 3763; x_wconf 89' lang='lat' dir='ltr'><strong>dies</strong></span> <span class='ocrx_word' id='word_1_241' title='bbox 1896 3689 2100 3764; x_wconf 88' lang='lat' dir='ltr'><strong>immediate</strong></span> <span class='ocrx_word' id='word_1_242' title='bbox 2125 3714 2178 3765; x_wconf 86' lang='lat' dir='ltr'><strong>se·</strong></span> 
     </span>
     <span class='ocr_line' id='line_1_27' title="bbox 774 3791 2177 3892; baseline 0.005 -30"><span class='ocrx_word' id='word_1_243' title='bbox 774 3806 934 3886; x_wconf 84' lang='lat' dir='ltr'><strong>quentes,</strong></span> <span class='ocrx_word' id='word_1_244' title='bbox 954 3793 1087 3874; x_wconf 89' lang='lat' dir='ltr'><strong>animo,</strong></span> <span class='ocrx_word' id='word_1_245' title='bbox 1108 3792 1200 3890; x_wconf 90' lang='lat' dir='ltr'><strong>quod</strong></span> <span class='ocrx_word' id='word_1_246' title='bbox 1223 3791 1327 3877; x_wconf 85' lang='lat' dir='ltr'><strong>absit,</strong></span> <span class='ocrx_word' id='word_1_247' title='bbox 1354 3794 1589 3868; x_wconf 87' lang='lat' dir='ltr'><strong>sustinuerint</strong></span> <span class='ocrx_word' id='word_1_248' title='bbox 1616 3795 1802 3885; x_wconf 86' lang='lat' dir='ltr'><strong>indurato;</strong></span> <span class='ocrx_word' id='word_1_249' title='bbox 1825 3812 1974 3872; x_wconf 85' lang='lat' dir='ltr'><strong>extunc</strong></span> <span class='ocrx_word' id='word_1_250' title='bbox 1995 3820 2177 3892; x_wconf 80' lang='lat' dir='ltr'><strong>processus</strong></span> 
     </span>
    </p>
   </div>
   <div class='ocr_carea' id='block_1_4' title="bbox 774 3898 2300 3998">
    <p class='ocr_par' dir='ltr' id='par_1_5' title="bbox 774 3898 2300 3998">
     <span class='ocr_line' id='line_1_28' title="bbox 774 3898 2300 3998; baseline 0.007 -30"><span class='ocrx_word' id='word_1_251' title='bbox 774 3913 916 3970; x_wconf 90' lang='lat' dir='ltr'><strong>nostros</strong></span> <span class='ocrx_word' id='word_1_252' title='bbox 944 3898 1142 3996; x_wconf 89' lang='lat' dir='ltr'><strong>hujusmodi</strong></span> <span class='ocrx_word' id='word_1_253' title='bbox 1170 3901 1433 3994; x_wconf 73' lang='lat' dir='ltr'><strong>mugga-&#39;arando</strong></span> <span class='ocrx_word' id='word_1_254' title='bbox 1464 3902 1655 3998; x_wconf 84' lang='lat' dir='ltr'><strong>requiratis</strong></span> <span class='ocrx_word' id='word_1_255' title='bbox 1682 3917 1721 3975; x_wconf 88' lang='grc'><strong>31</strong></span> <span class='ocrx_word' id='word_1_256' title='bbox 1747 3905 1938 3985; x_wconf 87' lang='grc'><strong>(33333113,</strong></span> <span class='ocrx_word' id='word_1_257' title='bbox 1966 3906 2178 3978; x_wconf 72' lang='grc'><strong>3333311113</strong></span> <span class='ocrx_word' id='word_1_258' title='bbox 2293 3937 2300 3956; x_wconf 44' lang='grc'><strong>1</strong></span> 
     </span>
    </p>
   </div>
   <div class='ocr_carea' id='block_1_5' title="bbox 773 3993 2178 4430">
    <p class='ocr_par' dir='ltr' id='par_1_6' title="bbox 773 3993 2178 4430">
     <span class='ocr_line' id='line_1_29' title="bbox 773 3993 2178 4105; baseline 0.007 -29"><span class='ocrx_word' id='word_1_259' title='bbox 773 4004 951 4099; x_wconf 83' lang='lat' dir='ltr'><strong>praedicta</strong></span> <span class='ocrx_word' id='word_1_260' title='bbox 973 4006 1080 4079; x_wconf 89' lang='lat' dir='ltr'><strong>modo</strong></span> <span class='ocrx_word' id='word_1_261' title='bbox 1098 4021 1135 4080; x_wconf 88' lang='lat' dir='ltr'><strong>et</strong></span> <span class='ocrx_word' id='word_1_262' title='bbox 1156 4007 1271 4078; x_wconf 85' lang='lat' dir='ltr'><strong>forma</strong></span> <span class='ocrx_word' id='word_1_263' title='bbox 1293 4009 1505 4104; x_wconf 86' lang='lat' dir='ltr'><strong>praemissis,</strong></span> <span class='ocrx_word' id='word_1_264' title='bbox 1526 4027 1649 4084; x_wconf 82' lang='grc'><strong>331333</strong></span> <span class='ocrx_word' id='word_1_265' title='bbox 1669 4020 1707 4081; x_wconf 85' lang='lat' dir='ltr'><strong>ot</strong></span> <span class='ocrx_word' id='word_1_266' title='bbox 1726 3993 1883 4105; x_wconf 83' lang='lat' dir='ltr'><strong>singulos</strong></span> <span class='ocrx_word' id='word_1_267' title='bbox 1901 4009 2037 4084; x_wconf 85' lang='lat' dir='ltr'><strong>Cliristi</strong></span> <span class='ocrx_word' id='word_1_268' title='bbox 2057 4010 2178 4087; x_wconf 76' lang='lat' dir='ltr'><strong>fideles</strong></span> 
     </span>
     <span class='ocr_line' id='line_1_30' title="bbox 776 4114 2178 4217; baseline 0.008 -35"><span class='ocrx_word' id='word_1_269' title='bbox 776 4114 967 4212; x_wconf 86' lang='lat' dir='ltr'><strong>utriusque</strong></span> <span class='ocrx_word' id='word_1_270' title='bbox 986 4137 1100 4198; x_wconf 81' lang='lat' dir='ltr'><strong>senus,</strong></span> <span class='ocrx_word' id='word_1_271' title='bbox 1118 4139 1191 4213; x_wconf 88' lang='lat' dir='ltr'><strong>quo</strong></span> <span class='ocrx_word' id='word_1_272' title='bbox 1208 4138 1273 4187; x_wconf 89' lang='lat' dir='ltr'><strong>nos</strong></span> <span class='ocrx_word' id='word_1_273' title='bbox 1291 4116 1399 4187; x_wconf 79' lang='grc'><strong>311331</strong></span> <span class='ocrx_word' id='word_1_274' title='bbox 1418 4129 1544 4190; x_wconf 89' lang='lat' dir='ltr'><strong>tenore</strong></span> <span class='ocrx_word' id='word_1_275' title='bbox 1559 4115 1800 4211; x_wconf 86' lang='lat' dir='ltr'><strong>praesentium</strong></span> <span class='ocrx_word' id='word_1_276' title='bbox 1820 4118 1871 4189; x_wconf 91' lang='lat' dir='ltr'><strong>sio</strong></span> <span class='ocrx_word' id='word_1_277' title='bbox 1887 4119 2118 4217; x_wconf 83' lang='lat' dir='ltr'><strong>requirimus,</strong></span> <span class='ocrx_word' id='word_1_278' title='bbox 2140 4135 2178 4193; x_wconf 88' lang='lat' dir='ltr'><strong>et</strong></span> 
     </span>
     <span class='ocr_line' id='line_1_31' title="bbox 774 4221 2177 4321; baseline 0.006 -31"><span class='ocrx_word' id='word_1_279' title='bbox 774 4243 973 4306; x_wconf 90' lang='lat' dir='ltr'><strong>monemus,</strong></span> <span class='ocrx_word' id='word_1_280' title='bbox 993 4224 1116 4321; x_wconf 88' lang='lat' dir='ltr'><strong>eisque</strong></span> <span class='ocrx_word' id='word_1_281' title='bbox 1132 4236 1170 4296; x_wconf 89' lang='grc'><strong>31</strong></span> <span class='ocrx_word' id='word_1_282' title='bbox 1187 4246 1312 4295; x_wconf 90' lang='lat' dir='ltr'><strong>eorum</strong></span> <span class='ocrx_word' id='word_1_283' title='bbox 1329 4221 1478 4297; x_wconf 81' lang='lat' dir='ltr'><strong>cuilibet</strong></span> <span class='ocrx_word' id='word_1_284' title='bbox 1500 4224 1535 4295; x_wconf 87' lang='lat' dir='ltr'><strong>in</strong></span> <span class='ocrx_word' id='word_1_285' title='bbox 1560 4223 1696 4296; x_wconf 85' lang='lat' dir='ltr'><strong>virtute</strong></span> <span class='ocrx_word' id='word_1_286' title='bbox 1721 4227 1868 4298; x_wconf 78' lang='grc'><strong>8333133</strong></span> <span class='ocrx_word' id='word_1_287' title='bbox 1894 4224 2123 4302; x_wconf 83' lang='lat' dir='ltr'><strong>Obedientia&#39;e</strong></span> <span class='ocrx_word' id='word_1_288' title='bbox 2139 4221 2177 4301; x_wconf 83' lang='lat' dir='ltr'><strong>et</strong></span> 
     </span>
     <span class='ocr_line' id='line_1_32' title="bbox 775 4325 2176 4430; baseline 0.007 -34"><span class='ocrx_word' id='word_1_289' title='bbox 775 4325 841 4398; x_wconf 84' lang='lat' dir='ltr'><strong>sub</strong></span> <span class='ocrx_word' id='word_1_290' title='bbox 866 4329 1239 4402; x_wconf 83' lang='lat' dir='ltr'><strong>excommunicationis</strong></span> <span class='ocrx_word' id='word_1_291' title='bbox 1266 4353 1392 4425; x_wconf 87' lang='lat' dir='ltr'><strong>poena,</strong></span> <span class='ocrx_word' id='word_1_292' title='bbox 1420 4353 1526 4429; x_wconf 87' lang='lat' dir='ltr'><strong>quam</strong></span> <span class='ocrx_word' id='word_1_293' title='bbox 1555 4332 1594 4403; x_wconf 90' lang='lat' dir='ltr'><strong>in</strong></span> <span class='ocrx_word' id='word_1_294' title='bbox 1617 4328 1814 4430; x_wconf 80' lang='lat' dir='ltr'><strong>quemlibet</strong></span> <span class='ocrx_word' id='word_1_295' title='bbox 1840 4345 1962 4406; x_wconf 88' lang='lat' dir='ltr'><strong>eontra</strong></span> <span class='ocrx_word' id='word_1_296' title='bbox 1990 4332 2176 4408; x_wconf 86' lang='lat' dir='ltr'><strong>facientem</strong></span> 
     </span>
    </p>
   </div>
   <div class='ocr_carea' id='block_1_6' title="bbox 774 4416 2346 4537">
    <p class='ocr_par' dir='ltr' id='par_1_7' title="bbox 774 4416 2346 4537">
     <span class='ocr_line' id='line_1_33' title="bbox 774 4416 2346 4537; baseline 0.006 -31"><span class='ocrx_word' id='word_1_297' title='bbox 774 4434 921 4507; x_wconf 80' lang='lat' dir='ltr'><strong>ierimus</strong></span> <span class='ocrx_word' id='word_1_298' title='bbox 948 4438 983 4514; x_wconf 91' lang='lat' dir='ltr'><strong>in</strong></span> <span class='ocrx_word' id='word_1_299' title='bbox 1012 4436 1067 4508; x_wconf 87' lang='lat' dir='ltr'><strong>his</strong></span> <span class='ocrx_word' id='word_1_300' title='bbox 1089 4438 1242 4533; x_wconf 83' lang='lat' dir='ltr'><strong>seriptis,</strong></span> <span class='ocrx_word' id='word_1_301' title='bbox 1264 4435 1466 4510; x_wconf 87' lang='lat' dir='ltr'><strong>districtius</strong></span> <span class='ocrx_word' id='word_1_302' title='bbox 1485 4439 1691 4536; x_wconf 75' lang='lat' dir='ltr'><strong>injungatis,</strong></span> <span class='ocrx_word' id='word_1_303' title='bbox 1712 4455 1821 4537; x_wconf 84' lang='lat' dir='ltr'><strong>prout</strong></span> <span class='ocrx_word' id='word_1_304' title='bbox 1840 4465 1903 4513; x_wconf 93' lang='lat' dir='ltr'><strong>nos</strong></span> <span class='ocrx_word' id='word_1_305' title='bbox 1923 4443 2033 4516; x_wconf 88' lang='lat' dir='ltr'><strong>etium</strong></span> <span class='ocrx_word' id='word_1_306' title='bbox 2054 4454 2178 4515; x_wconf 83' lang='lat' dir='ltr'><strong>tenore</strong></span> <span class='ocrx_word' id='word_1_307' title='bbox 2260 4515 2263 4524; x_wconf 72' lang='grc'><strong>,</strong></span> <span class='ocrx_word' id='word_1_308' title='bbox 2340 4416 2346 4423; x_wconf 42' lang='grc'><em>’</em></span> 
     </span>
    </p>
   </div>
   <div class='ocr_carea' id='block_1_7' title="bbox 773 4545 2176 5291">
    <p class='ocr_par' dir='ltr' id='par_1_8' title="bbox 773 4545 2176 5291">
     <span class='ocr_line' id='line_1_34' title="bbox 774 4545 2176 4642; baseline 0.006 -28"><span class='ocrx_word' id='word_1_309' title='bbox 774 4545 1009 4637; x_wconf 87' lang='lat' dir='ltr'><strong>praesentium</strong></span> <span class='ocrx_word' id='word_1_310' title='bbox 1033 4545 1266 4642; x_wconf 78' lang='lat' dir='ltr'><strong>injungimus,</strong></span> <span class='ocrx_word' id='word_1_311' title='bbox 1287 4546 1338 4616; x_wconf 91' lang='lat' dir='ltr'><strong>sic</strong></span> <span class='ocrx_word' id='word_1_312' title='bbox 1358 4545 1490 4620; x_wconf 89' lang='lat' dir='ltr'><strong>eisdem</strong></span> <span class='ocrx_word' id='word_1_313' title='bbox 1513 4559 1550 4619; x_wconf 91' lang='lat' dir='ltr'><strong>et</strong></span> <span class='ocrx_word' id='word_1_314' title='bbox 1568 4548 1776 4641; x_wconf 84' lang='lat' dir='ltr'><strong>praesertim</strong></span> <span class='ocrx_word' id='word_1_315' title='bbox 1797 4546 2032 4622; x_wconf 78' lang='lat' dir='ltr'><strong>familiaribus</strong></span> <span class='ocrx_word' id='word_1_316' title='bbox 2048 4561 2086 4622; x_wconf 88' lang='grc'><strong>31</strong></span> <span class='ocrx_word' id='word_1_317' title='bbox 2103 4573 2176 4623; x_wconf 86' lang='lat' dir='ltr'><strong>ser·</strong></span> 
     </span>
     <span class='ocr_line' id='line_1_35' title="bbox 774 4649 2176 4751; baseline 0.008 -33"><span class='ocrx_word' id='word_1_318' title='bbox 774 4649 951 4723; x_wconf 76' lang='lat' dir='ltr'><strong>viantibus</strong></span> <span class='ocrx_word' id='word_1_319' title='bbox 986 4652 1223 4746; x_wconf 84' lang='lat' dir='ltr'><strong>praelatorum</strong></span> <span class='ocrx_word' id='word_1_320' title='bbox 1258 4650 1576 4736; x_wconf 80' lang='lat' dir='ltr'><strong>denuntiatorum,</strong></span> <span class='ocrx_word' id='word_1_321' title='bbox 1612 4654 1781 4751; x_wconf 84' lang='lat' dir='ltr'><strong>quatinus</strong></span> <span class='ocrx_word' id='word_1_322' title='bbox 1817 4655 1906 4728; x_wconf 86' lang='lat' dir='ltr'><strong>infra</strong></span> <span class='ocrx_word' id='word_1_323' title='bbox 1943 4679 2002 4731; x_wconf 82' lang='lat' dir='ltr'><strong>ser</strong></span> <span class='ocrx_word' id='word_1_324' title='bbox 2034 4657 2176 4730; x_wconf 88' lang='lat' dir='ltr'><strong>dierum</strong></span> 
     </span>
     <span class='ocr_line' id='line_1_36' title="bbox 773 4759 2176 4862; baseline 0.008 -36"><span class='ocrx_word' id='word_1_325' title='bbox 773 4760 926 4852; x_wconf 88' lang='lat' dir='ltr'><strong>spatium</strong></span> <span class='ocrx_word' id='word_1_326' title='bbox 945 4773 1025 4855; x_wconf 89' lang='lat' dir='ltr'><strong>post</strong></span> <span class='ocrx_word' id='word_1_327' title='bbox 1044 4759 1273 4844; x_wconf 83' lang='lat' dir='ltr'><strong>monitionem</strong></span> <span class='ocrx_word' id='word_1_328' title='bbox 1292 4773 1331 4832; x_wconf 91' lang='lat' dir='ltr'><strong>et</strong></span> <span class='ocrx_word' id='word_1_329' title='bbox 1348 4761 1613 4858; x_wconf 87' lang='lat' dir='ltr'><strong>requisitionem</strong></span> <span class='ocrx_word' id='word_1_330' title='bbox 1634 4774 1771 4834; x_wconf 83' lang='lat' dir='ltr'><strong>vestras</strong></span> <span class='ocrx_word' id='word_1_331' title='bbox 1785 4762 1998 4862; x_wconf 83' lang='lat' dir='ltr'><strong>hujusmodi,</strong></span> <span class='ocrx_word' id='word_1_332' title='bbox 2018 4778 2059 4837; x_wconf 88' lang='grc'><strong>31</strong></span> <span class='ocrx_word' id='word_1_333' title='bbox 2076 4785 2176 4860; x_wconf 86' lang='lat' dir='ltr'><strong>prae·</strong></span> 
     </span>
     <span class='ocr_line' id='line_1_37' title="bbox 776 4863 2175 4969; baseline 0.009 -37"><span class='ocrx_word' id='word_1_334' title='bbox 776 4863 904 4950; x_wconf 77' lang='lat' dir='ltr'><strong>lemur,</strong></span> <span class='ocrx_word' id='word_1_335' title='bbox 923 4865 1042 4967; x_wconf 71' lang='lat' dir='ltr'><strong>factas.</strong></span> <span class='ocrx_word' id='word_1_336' title='bbox 1063 4866 1267 4940; x_wconf 85' lang='lat' dir='ltr'><strong>immediata</strong></span> <span class='ocrx_word' id='word_1_337' title='bbox 1286 4882 1485 4965; x_wconf 84' lang='lat' dir='ltr'><strong>sequentes,</strong></span> <span class='ocrx_word' id='word_1_338' title='bbox 1504 4891 1658 4967; x_wconf 85' lang='lat' dir='ltr'><strong>quorum</strong></span> <span class='ocrx_word' id='word_1_339' title='bbox 1677 4867 1894 4943; x_wconf 74' lang='grc' dir='ltr'><strong>333ῑά133333</strong></span> <span class='ocrx_word' id='word_1_340' title='bbox 1912 4869 2002 4944; x_wconf 84' lang='grc'><strong>(1333</strong></span> <span class='ocrx_word' id='word_1_341' title='bbox 2016 4895 2084 4969; x_wconf 88' lang='lat' dir='ltr'><strong>pro</strong></span> <span class='ocrx_word' id='word_1_342' title='bbox 2102 4875 2175 4967; x_wconf 91' lang='lat' dir='ltr'><strong>pri·</strong></span> 
     </span>
     <span class='ocr_line' id='line_1_38' title="bbox 775 4972 2175 5074; baseline 0.007 -35"><span class='ocrx_word' id='word_1_343' title='bbox 775 4993 847 5053; x_wconf 90' lang='lat' dir='ltr'><strong>mo,</strong></span> <span class='ocrx_word' id='word_1_344' title='bbox 867 4972 957 5044; x_wconf 88' lang='lat' dir='ltr'><strong>duos</strong></span> <span class='ocrx_word' id='word_1_345' title='bbox 977 4999 1042 5071; x_wconf 90' lang='lat' dir='ltr'><strong>pro</strong></span> <span class='ocrx_word' id='word_1_346' title='bbox 1063 4972 1225 5056; x_wconf 73' lang='grc'><strong>33333113,</strong></span> <span class='ocrx_word' id='word_1_347' title='bbox 1247 4989 1286 5047; x_wconf 89' lang='grc'><strong>31</strong></span> <span class='ocrx_word' id='word_1_348' title='bbox 1307 4974 1465 5074; x_wconf 87' lang='lat' dir='ltr'><strong>reliquos</strong></span> <span class='ocrx_word' id='word_1_349' title='bbox 1483 4974 1575 5048; x_wconf 85' lang='lat' dir='ltr'><strong>duos</strong></span> <span class='ocrx_word' id='word_1_350' title='bbox 1592 4973 1668 5048; x_wconf 89' lang='lat' dir='ltr'><strong>dies</strong></span> <span class='ocrx_word' id='word_1_351' title='bbox 1689 4977 1773 5074; x_wconf 86' lang='lat' dir='ltr'><strong>ipsis</strong></span> <span class='ocrx_word' id='word_1_352' title='bbox 1794 4976 2175 5053; x_wconf 80' lang='lat' dir='ltr'><strong>familiaribus-etser-</strong></span> 
     </span>
     <span class='ocr_line' id='line_1_39' title="bbox 773 5076 2174 5186; baseline 0.006 -40"><span class='ocrx_word' id='word_1_353' title='bbox 773 5076 972 5162; x_wconf 82' lang='lat' dir='ltr'><strong>vie&#39;utibus,</strong></span> <span class='ocrx_word' id='word_1_354' title='bbox 999 5105 1038 5153; x_wconf 89' lang='lat' dir='ltr'><strong>ac</strong></span> <span class='ocrx_word' id='word_1_355' title='bbox 1064 5081 1238 5153; x_wconf 82' lang='lat' dir='ltr'><strong>universis</strong></span> <span class='ocrx_word' id='word_1_356' title='bbox 1265 5096 1303 5155; x_wconf 87' lang='grc'><strong>31</strong></span> <span class='ocrx_word' id='word_1_357' title='bbox 1327 5082 1478 5180; x_wconf 83' lang='lat' dir='ltr'><strong>singulis</strong></span> <span class='ocrx_word' id='word_1_358' title='bbox 1506 5080 1841 5159; x_wconf 74' lang='lat' dir='ltr'><strong>christifidelibus</strong></span> <span class='ocrx_word' id='word_1_359' title='bbox 1857 5089 2054 5186; x_wconf 72' lang='lat' dir='ltr'><strong>utriusque?</strong></span> <span class='ocrx_word' id='word_1_360' title='bbox 2071 5107 2174 5158; x_wconf 80' lang='lat' dir='ltr'><strong>sexus</strong></span> 
     </span>
     <span class='ocr_line' id='line_1_40' title="bbox 773 5187 2173 5291; baseline 0.004 -32"><span class='ocrx_word' id='word_1_361' title='bbox 773 5209 838 5291; x_wconf 88' lang='lat' dir='ltr'><strong>pro</strong></span> <span class='ocrx_word' id='word_1_362' title='bbox 855 5187 1026 5260; x_wconf 77' lang='lat' dir='ltr'><strong>rectinet</strong></span> <span class='ocrx_word' id='word_1_363' title='bbox 1046 5188 1284 5284; x_wconf 86' lang='lat' dir='ltr'><strong>peremptorio</strong></span> <span class='ocrx_word' id='word_1_364' title='bbox 1306 5191 1474 5279; x_wconf 88' lang='lat' dir='ltr'><strong>termino,</strong></span> <span class='ocrx_word' id='word_1_365' title='bbox 1498 5214 1540 5264; x_wconf 93' lang='lat' dir='ltr'><strong>ac</strong></span> <span class='ocrx_word' id='word_1_366' title='bbox 1561 5193 1757 5268; x_wconf 86' lang='lat' dir='ltr'><strong>monitione</strong></span> <span class='ocrx_word' id='word_1_367' title='bbox 1778 5198 1955 5279; x_wconf 83' lang='lat' dir='ltr'><strong>canonica,</strong></span> <span class='ocrx_word' id='word_1_368' title='bbox 1977 5194 2173 5289; x_wconf 75' lang='lat' dir='ltr'><strong>assignetis,</strong></span> 
     </span>
    </p>
   </div>
   <div class='ocr_carea' id='block_1_8' title="bbox 0 0 2572 6450">
    <p class='ocr_par' dir='ltr' id='par_1_9' title="bbox 0 0 2572 6450">
     <span class='ocr_line' id='line_1_41' title="bbox 0 0 2572 6450; baseline 0 1"><span class='ocrx_word' id='word_1_369' title='bbox 0 0 2572 6450; x_wconf 95' lang='lat' dir='ltr'><strong> </strong></span> 
     </span>
    </p>
   </div>
  </div>
 </body>
</html>
