5134 6450
1084 774 1345 966 roas

435 994 501 1087 pis,
524 1004 562 1064 et
583 1012 708 1064 corum
732 989 886 1085 propriis
906 985 1110 1059 numinibus
1131 1011 1200 1058 non
1222 985 1396 1081 expressis
1417 1000 1554 1061 nostras
1574 988 1739 1063 dedimus
1760 990 1857 1065 litte·

434 1122 494 1170 ras
516 1098 553 1169 in
575 1095 765 1180 mandatis,
790 1110 833 1167 ut
853 1118 961 1190 super
982 1094 1198 1189 praemissis,
1215 1107 1254 1165 et
1272 1116 1397 1167 curum
1417 1092 1651 1192 qualitatibus
1681 1099 1857 1171 universis

382 1198 386 1211 ’
434 1203 631 1276 autoritate
646 1216 769 1275 nostra
791 1225 828 1275 se
849 1201 1065 1297 deligentius
1090 1199 1348 1281 minemarent,
1375 1214 1414 1272 et
1435 1201 1463 1271 si
1486 1224 1550 1297 per
1572 1202 1856 1277 informationem

434 1308 639 1406 hujusmodi
662 1308 779 1382 locum
805 1307 902 1406 quud
930 1308 965 1409 in
994 1306 1210 1391 Civitatem,
1239 1321 1277 1379 et
1305 1307 1516 1403 Mcsquitam
1540 1309 1614 1382 sive
1634 1312 1857 1409 synagogam

433 1414 643 1508 praedictos,
665 1428 709 1486 nt
731 1416 767 1485 in
791 1412 1039 1488 Catltedralem
1063 1412 1257 1487 Ecclesiam
1282 1414 1509 1507 erigerentur
1528 1429 1631 1510 aptos
1651 1429 1692 1489 et
1716 1415 1856 1488 idoneus

433 1522 510 1594 fore
529 1521 731 1594 invenirent
750 1519 867 1593 Ιοουιη
890 1521 925 1591 in
944 1520 1135 1593 Civitatem
1154 1534 1193 1592 et
1213 1522 1424 1617 Mesquitam
1445 1522 1520 1593 sire
1535 1525 1760 1617 synagogam
1779 1544 1856 1593 ees·

433 1627 515 1700 dem
539 1627 577 1699 in
598 1625 793 1699 Ecclesiam
823 1624 1073 1700 cathedralem
1102 1628 1251 1720 Cepten‚
1275 1640 1450 1720 perpetuo
1469 1629 1720 1731 nuncupandas
1745 1630 1855 1701 etiarn

432 1756 516 1805 cum
535 1732 691 1829 juribus,
712 1746 750 1806 et
773 1731 942 1806 Ecclesiis
964 1730 1236 1806 cathedralibus
1257 1730 1324 1804 sub
1344 1745 1461 1804 nostra
1480 1747 1517 1806 et
1535 1738 1713 1808 Rornauee
1735 1733 1871 1808 Eucle-

433 1841 505 1913 siae
526 1837 712 1913 devotione
736 1838 1012 1912 conserentibus
1038 1837 1085 1911 de
1107 1838 1188 1933 jure
1215 1838 1272 1911 vel
1301 1838 1554 1912 consuetudine
1587 1839 1857 1937 quomodolibet

432 1942 562 2017 debitis
583 1946 796 2017 auctoritate
823 1944 980 2040 praesuta
1000 1945 1182 2039 erigerent
1204 1943 1375 2027 iaciendo,
1401 1968 1536 2018 necnon
1562 1945 1791 2041 disponendo,
1818 1961 1856 2019 et

433 2047 627 2123 ordinando
648 2064 852 2148 praepter-ea
874 2053 993 2123 omnia
1015 2065 1051 2122 et
1071 2048 1209 2145 singula
1232 2075 1325 2148 quac
1346 2052 1382 2122 in
1406 2051 1607 2146 praemissis
1628 2067 1666 2124 et
1686 2053 1779 2124 circa
1798 2072 1856 2124 eas

433 2154 598 2253 expedire
620 2157 789 2240 viderint,
815 2180 858 2230 ac
884 2159 1077 2231 necessaria
1105 2155 1233 2240 iurent,
1257 2180 1317 2229 seu
1342 2156 1613 2254 quomodolibet
1632 2172 1854 2255 opportuna,

434 2278 541 2356 prurit
563 2264 599 2333 in
621 2263 709 2357 ipsis
731 2262 863 2337 litteris
884 2254 1026 2360 pleuim
1045 2263 1373 2335 continuantem
1398 2262 1767 2360 itaquepostmodnrn
1787 2267 1855 2335 Ve-

432 2365 607 2441 nerabiles
624 2368 755 2441 iratres
772 2371 886 2442 nostri
906 2368 1112 2445 Feruondus
1129 2365 1388 2451 Bracharensis‚
1410 2384 1448 2441 et
1467 2369 1620 2467 Didacus
1637 2367 1855 2446 Ulirbonem
1920 2386 1926 2399 ·

432 2475 481 2545 sis
503 2473 773 2570 Archiepiscopi
796 2499 903 2571 super
924 2474 1128 2570 praemissis
1145 2473 1326 2569 dilligenti
1349 2475 1599 2547 informatione
1618 2490 1769 2571 recepta,
1789 2476 1855 2547 eis-

432 2602 502 2675 que
525 2581 619 2651 veris
639 2594 821 2673 repertum
847 2580 963 2651 locum
988 2583 1023 2649 in
1049 2580 1253 2660 Civitatem,
1276 2594 1314 2651 ct
1337 2581 1549 2677 Mcsquitam
1576 2582 1650 2652 sive
1671 2585 1854 2675 synagoga

312 2758 316 2763 ,
431 2682 637 2781 hujusmodi
666 2686 703 2756 in
732 2684 925 2759 Ecclesiam
955 2681 1202 2760 Catbedralem
1232 2687 1385 2779 Cepten:
1409 2700 1581 2780 perpetue
1605 2685 1855 2781 nuncupandas

428 2791 531 2882 juxta
558 2805 718 2864 tenorem
755 2789 961 2864 litterarum
995 2790 1175 2863 erexerint
1201 2789 1409 2878 earundem.
1438 2796 1511 2862 Nos
1533 2791 1716 2885 cupientes
1737 2790 1852 2862 eidem

433 2894 608 2969 Ecclesiae
631 2899 789 2991 Copten:
814 2920 906 2994 quae
926 2895 1083 2968 nondum
1106 2894 1255 2991 alicujus
1285 2896 1483 2989 provintiae
1511 2898 1633 2969 existit
1650 2897 1695 2970 de
1713 2909 1853 2992 pastore

431 3000 625 3073 secundum
648 3024 712 3073 cur
734 3015 896 3073 nostrum
919 3001 1001 3073 atili
1025 3015 1061 3074 et
1082 3001 1206 3075 idoneo
1219 3025 1289 3095 per
1306 3022 1412 3096 quem
1443 3002 1701 3096 circumspecte
1720 3004 1798 3097 regi
1812 3019 1855 3076 ct

431 3105 625 3179 salubriter
645 3106 756 3203 dirigi
777 3107 893 3180 valeat
913 3108 1120 3202 providere,
1144 3120 1221 3201 post
1243 3104 1533 3181 deliberationem
1557 3131 1664 3204 quam
1685 3132 1793 3202 super
1811 3108 1855 3179 iis

431 3235 513 3283 cum
537 3210 711 3286 iratribus
737 3213 869 3286 nostris
897 3211 1087 3286 habuimus
1111 3211 1329 3310 deligentem
1351 3212 1497 3287 demum
1521 3213 1566 3285 ad
1584 3228 1619 3285 te
1638 3215 1851 3310 Episcopum

430 3316 700 3390 Marrochitab:
721 3318 952 3404 consideratis
978 3318 1171 3414 grandium
1200 3319 1381 3388 virtutum
1405 3320 1563 3401 meritis,
1585 3317 1716 3415 quibos
1737 3343 1852 3414 perso-

431 3445 515 3492 nam
537 3438 639 3496 tuam
663 3421 809 3497 illarum
833 3423 987 3520 largitor
1009 3427 1186 3497 Dominus
1210 3423 1406 3517 insignivit,
1429 3438 1466 3496 ct
1486 3423 1579 3521 quod
1608 3424 1734 3520 tuqui
1759 3427 1852 3496 Mar-

432 3528 617 3601 ruchitali:
642 3528 817 3603 Ecclesiae
841 3528 1012 3604 hactenns
1042 3527 1282 3618 laudabiliter,
1299 3527 1485 3622 praefuisti
1516 3527 1664 3603 eandem
1691 3528 1849 3624 Ccpteirt

432 3630 627 3706 Ecclesiam
651 3634 739 3708 scies
761 3649 799 3708 et
820 3637 953 3729 poteris
979 3649 1124 3707 auctore
1152 3634 1305 3707 Domino
1327 3632 1518 3729 salubriter
1539 3657 1663 3727 regere
1684 3650 1722 3708 et
1743 3635 1852 3708 fclici-

430 3753 489 3811 ter
510 3738 712 3835 gubernare
733 3743 977 3812 convertimus
1002 3737 1123 3812 oculos
1147 3752 1288 3811 nostrae
1316 3739 1456 3811 mentis.
1485 3740 1710 3813 lnteudentes
1737 3743 1852 3835 igitur

431 3857 505 3914 tam
529 3844 597 3939 ipsi
619 3847 778 3940 Cepteit:
803 3844 980 3919 Ecclesiae
1002 3869 1110 3943 quarn
1134 3845 1209 3941 ejus
1231 3845 1332 3938 gregi
1355 3844 1542 3916 Dominicu
1561 3844 1753 3932 salubriter
1772 3869 1852 3940 pro·
1965 3867 1979 3877 ·

431 3949 552 4021 videre
573 3944 595 4021 b
616 3950 759 4022 vinculo
781 3974 853 4044 quo
874 3952 1051 4045 praefatae
1072 3947 1336 4022 Marrochitau:
1367 3946 1554 4033 Ecclesiae,
1582 3952 1638 4022 cui
1662 3965 1750 4023 tunc
1773 3977 1851 4046 pre-

432 4052 686 4126 crasteuebaris
712 4054 757 4127 de
783 4052 962 4126 dictorum
995 4055 1147 4126 fratrum
1180 4052 1327 4124 consilio
1353 4067 1390 4125 et
1417 4054 1643 4146 Apostolieae
1667 4060 1851 4148 potestatis

431 4156 653 4252 plenitudiue
685 4156 904 4232 absolventes
930 4159 1036 4252 tead
1063 4156 1210 4231 eandem
1238 4158 1395 4253 Cepteu:
1412 4151 1613 4230 'Ecclesiam
1638 4162 1853 4233 auctoritate

316 4350 322 4358 ⁰
431 4261 639 4358 Apostolica
672 4264 933 4348 transferimus,
964 4278 1072 4361 teque
1098 4262 1152 4337 illi
1175 4263 1402 4358 praeficimus
1423 4264 1460 4333 in
1482 4263 1700 4360 Episcopum
1717 4279 1754 4337 et
1772 4290 1850 4361 pas·

430 4376 514 4443 tore
545 4393 668 4443 curam
696 4368 1043 4442 administrationem
1070 4369 1182 4463 ipsius
1208 4367 1385 4442 Ecclesiae
1412 4369 1570 4463 Copten:
1597 4369 1663 4441 tibi
1688 4372 1723 4441 in
1746 4372 1849 4465 spiri·

431 4472 589 4546 tualibus
614 4488 652 4547 et
677 4473 935 4570 temporalibus
961 4472 1117 4571 plenarie
1143 4471 1409 4555 commitendo,
1443 4471 1665 4572 liberamque
1690 4475 1760 4546 tibi
1782 4479 1848 4547 tri-

380 4610 384 4620 ·
431 4581 572 4652 buendo
598 4578 779 4656 licentiam
806 4580 850 4653 ad
879 4581 990 4676 ipsam
1017 4579 1176 4675 Copten:
1205 4577 1396 4653 Ecclesiam
1425 4580 1629 4651 transeundi
1655 4580 1759 4651 firma
1787 4604 1849 4676 spe
1898 4621 1902 4630 „

431 4686 633 4784 fiduciaque
653 4689 844 4783 conceptis,
872 4686 967 4783 quod
995 4682 1151 4781 praefata
1179 4684 1337 4779 Coptos:
1361 4680 1515 4756 Ecclesia
1537 4708 1603 4779 per
1624 4699 1706 4758 tuae
1728 4685 1848 4758 indus-

417 4793 522 4864 ·triae
542 4806 580 4865 et
600 4792 913 4888 circumpectionis
934 4791 1095 4865 studium
1119 4790 1343 4878 fructuosum
1362 4789 1477 4884 gratia
1496 4788 1564 4861 tibi
1582 4792 1765 4864 assistente
1786 4794 1849 4864 Di·

429 4897 512 4967 vina
534 4910 684 4991 regetur
704 4896 846 4970 utiliter
867 4910 1092 4994 et-prospere
1112 4895 1317 4988 dirigetur,
1344 4908 1517 4991 grataque
1537 4897 1573 4965 in
1596 4895 1720 4969 iisdem
1743 4897 1848 4991 spiri·

429 5000 624 5075 ritualibus
644 5017 683 5076 et
700 5000 960 5098 temporalibus
980 5003 1149 5098 suscipiet
1166 5002 1397 5073 incrementa.
1417 4999 1592 5073 Volumus
1609 5017 1731 5075 autem
1751 5002 1846 5099 quod

326 5135 334 5146 ·
430 5120 620 5205 antequam
640 5111 903 5208 ,possessiouem
927 5107 1240 5198 admosbuaticnis
1267 5104 1441 5182 bonorum
1460 5104 1578 5194 dictae
1598 5106 1756 5204 Ceptett:
1781 5108 1848 5179 Ee-

729 5257 732 5260 ·
1563 5214 1634 5284 li·
