5134 6450
621 932 623 937 V
749 916 1208 1056 naubm'eanomeuins,
1232 796 1585 1077 Beneficiiffaliis
1605 947 1827 1065 supmdictis,
1854 984 1898 1042 ut
1922 970 2148 1067 praefertur,

748 1083 799 1155 sic
819 1079 1030 1160 denuntiati,
1050 1075 1236 1173 aggravati
1258 1089 1296 1147 ct
1316 1076 1554 1172 rcuggravati,
1570 1099 1635 1172 per
1651 1074 1739 1149 alios
1755 1075 1957 1175 quindecim
1975 1077 2052 1154 dics
2069 1095 2149 1177 post

747 1190 860 1279 dictos
881 1185 1033 1282 triginta
1059 1183 1136 1258 dice
1156 1182 1362 1257 immediate
1386 1196 1574 1281 sequentes
1599 1185 1789 1279 praemissa
1808 1185 1930 1261 omnis
1951 1200 1990 1259 at
2009 1189 2151 1286 singula¹
2265 1205 2270 1218 ·

747 1295 992 1376 sustinuerint.
1013 1292 1144 1369 animis
1170 1292 1347 1365 induratis
1377 1290 1566 1365 Pharaonis
1596 1289 1771 1365 duritiam
1799 1292 1982 1379 imitando,
2006 1298 2050 1368 ad
2074 1321 2147 1368 mo-

747 1405 833 1476 dum
865 1402 1028 1499 aspidum
1061 1398 1250 1473 surdarum
1277 1400 1382 1477 aurea
1408 1423 1490 1473 suas
1510 1397 1770 1483 obcunntium,
1791 1424 1837 1475 ne
1857 1425 1979 1489 vocam
2001 1404 2148 1477 audiunt

608 1540 612 1549 ,
746 1512 1030 1597 incantantium
1052 1513 1123 1582 Nos
1143 1508 1238 1580 enim
1260 1529 1304 1579 ax
1323 1530 1419 1580 nunc
1440 1520 1549 1603 prout
1565 1530 1610 1580 ax
1626 1520 1715 1581 tunc
1730 1507 1834 1580 dictis
1851 1509 2055 1608 quindecim
2074 1512 2150 1584 die-

746 1619 813 1693 bus
833 1615 972 1715 elapsis,
994 1639 1102 1716 quem
1123 1615 1322 1691 terminum
1343 1615 1397 1687 eis
1416 1627 1455 1689 et
1474 1637 1601 1691 eorum
1616 1613 1764 1691 cuilibet
1780 1639 1887 1713 super
1905 1616 1973 1691 hoc
1992 1643 2057 1715 pro
2075 1620 2150 1716 pri·

747 1752 819 1811 nro,
852 1726 1016 1809 secundo,
1047 1723 1167 1806 turtio,
1195 1736 1232 1796 et
1257 1724 1497 1819 peremptorio
1523 1723 1678 1797 termino
1702 1747 1746 1797 ac
1770 1725 1966 1800 monitione
1985 1728 2150 1801 carmina

745 1836 962 1932 assignamus
971 1835 984 1921 ’ς
1006 1854 1130 1915 omnes
1149 1845 1187 1905 et
1207 1827 1370 1926 singulas
1388 1831 1573 1915 Civitates,
1590 1829 1742 1926 Oppida,
1760 1833 1900 1914 Terras,
1918 1836 2051 1921 Caum,
2067 1834 2149 1909 ,vit

745 1943 809 2025 las,
832 1940 1014 2024 suburbia,
1036 1960 1342 2039 quarumcumque
1361 1935 1622 2024 durissimum,
1650 1953 1725 2011 tarn
1748 1935 2015 2025 cathedralium
2037 1966 2147 2040 quam

747 2051 1039 2147 Collegiatarum
1064 2044 1232 2145 collegia,
1254 2046 1451 2131 Prmchias
1469 2061 1507 2120 et
1523 2045 1738 2143 generaliter
1755 2068 2001 2145 qauecumque
2018 2046 2094 2122 lom
2111 2052 2149 2122 in

747 2175 785 2232 et
806 2156 874 2232 sub
894 2155 1023 2255 quibus
1044 2153 1132 2230 dicti
1154 2154 1367 2237 denuntiati,
1389 2156 1588 2251 aggravati,
1608 2168 1649 2228 et
1668 2154 1893 2249 reaggrarati
1916 2154 2064 2239 luerint,
2084 2171 2149 2230 aut

746 2269 840 2364 ipsos
862 2266 1006 2348 morari,
1028 2277 1066 2337 et
1085 2262 1131 2335 ad
1151 2285 1241 2360 quas
1260 2274 1299 2333 et
1318 2284 1410 2360 quae
1435 2261 1577 2337 eosdem
1600 2259 1777 2336 declinam
1796 2262 2001 2361 contigerit.
2023 2288 2150 2362 quam

747 2374 809 2446 diu
833 2372 962 2447 ibidem
987 2371 1133 2455 fuerint,
1162 2370 1199 2442 in
1225 2366 1282 2440 his
1307 2370 1451 2467 scriptis
1470 2367 1705 2445 ecclesiastico
1735 2372 1970 2465 supponimus
2002 2372 2150 2445 interdi-

747 2496 818 2565 cto,
841 2477 1039 2555 mandando
1060 2477 1160 2551 vohis
1181 2474 1360 2559 omnibus,
1381 2492 1419 2554 et
1440 2475 1604 2573 singulis,
1627 2476 1732 2549 modo
1753 2490 1791 2550 et
1809 2477 1924 2551 forma
1942 2478 2074 2577 quibua
2091 2504 2160 2553 su·‚
2186 2554 2190 2567 ,

747 2614 825 2684 pra,
848 2587 913 2661 sub
936 2586 1169 2682 infrascriptis
1187 2582 1369 2661 smoenaiis
1389 2600 1428 2658 et
1448 2584 1580 2680 poenis
1606 2598 1781 2682 qautenm
1802 2607 1846 2657 ex
1868 2601 1957 2661 tunc
1977 2587 2149 2683 quamdiu

747 2695 895 2791 praefati
928 2699 1079 2768 loannes
1111 2690 1264 2775 Alfonsi,
1291 2690 1416 2764 etalii
1441 2690 1581 2775 Clerici,
1603 2695 1785 2776 Rectorem
1806 2692 1975 2777 abbates,
1999 2696 2148 2779 Priores,
2215 2752 2221 2763 .

747 2800 969 2888 Albanam,
991 2801 1192 2883 Priorissac,
1215 2798 1433 2884 Conventus,
1459 2798 1586 2873 Clerua
1607 2814 1645 2873 et
1665 2796 1818 2895 populus
1838 2801 1953 2875 dictae
1976 2802 2152 2877 nicensis

704 2940 709 2947 ·
746 2908 919 2985 'ludensis
939 2909 1231 3006 supranominati,
1252 2920 1292 2980 et
1311 2911 1531 3006 quicumque
1550 2906 1612 2980 alii
1630 2908 1705 3006 jsm
1718 2906 1840 3001 ,sarran
1858 2909 1989 2982 intrusi
2006 2907 2064 2982 sol
2083 2911 2151 2982 im-

746 3033 928 3113 posterum
951 3015 1157 3091 intrudendi
1186 3017 1223 3088 in
1250 3013 1583 3099 Administratione.
1613 3014 1975 3100 Archidiaoonatibus,
2001 3019 2151 3090 Canoni-

747 3123 898 3208 entibus,
922 3124 1116 3212 Beneficiis,
1137 3138 1176 3198 at
1195 3121 1276 3196 aliis
1296 3124 1520 3217 supradictis,
1543 3136 1587 3201 ut
1607 3124 1865 3220 praemittitur,
1888 3127 1924 3198 in
1949 3122 2035 3200 locis
2051 3148 2152 3220 prac-

749 3232 856 3306 dictis
876 3227 1022 3317 fuerint,
1043 3235 1185 3308 cessatis
1204 3245 1242 3305 et
1261 3228 1308 3304 ab
1326 3229 1408 3305 aliis
1426 3233 1554 3307 cessari
1580 3231 1727 3316 frauda,
1753 3235 1884 3329 apertis
1905 3234 2024 3331 januis
2049 3248 2088 3307 et
2114 3235 2152 3304 in

741 3342 943 3438 ‘praesentia
966 3339 1101 3437 populi,
1122 3336 1143 3412 d
1164 3338 1307 3412 divinis.
1326 3341 1445 3432 Quam
1468 3339 1615 3438 quidem
1635 3341 1866 3415 cessationem
1885 3363 1950 3438 per
1970 3354 2045 3415 tras
2063 3341 2164 3426 dics‚.

747 3449 837 3522 duos
865 3448 1051 3522 continuos
1073 3461 1151 3545 post
1172 3449 1332 3543 ipmrum
1352 3471 1414 3522 seu
1434 3446 1583 3522 alterius
1599 3447 1811 3523 eorumdem
1829 3472 2018 3533 recessum,
2040 3450 2152 3523 conti·

747 3558 876 3642 nactis,
907 3569 946 3631 et
970 3554 1191 3639 obunctis,
1217 3569 1255 3628 et
1279 3553 1327 3628 ab
1350 3553 1430 3628 aliis
1454 3556 1652 3630 continuari
1678 3555 1917 3632 nomenari
1941 3556 2094 3640 iacietis.
2114 3570 2164 3640 et,

747 3666 977 3760 permittatis,
998 3666 1050 3737 ita
1071 3678 1109 3739 et
1130 3662 1253 3738 taliter
1271 3661 1368 3762 qnod
1391 3661 1593 3761 hujusmodi
1607 3678 1732 3740 stante
1753 3665 1966 3747 interdicto„
1983 3662 2080 3737 nulla
2098 3686 2152 3735 sa·

748 3787 930 3862 eramenta
950 3770 1182 3848 ecclesiastiea
1205 3772 1239 3842 in
1267 3784 1306 3844 at
1331 3769 1399 3842 sub
1420 3770 1553 3847 eisdem
1579 3770 1677 3859 locis,
1702 3773 1737 3846 in
1759 3787 1797 3847 et
1816 3772 1883 3846 sub
1902 3771 2032 3869 quibus
2054 3793 2163 3867 praev

748 3878 834 3951 dicti
856 3878 1069 3961 denuntiati,
1093 3879 1293 3976 aggravati,
1314 3891 1352 3949 et
1373 3881 1596 3973 reaggravati
1619 3880 1767 3962 fuerint,
1784 3881 1925 3973 penitere
1947 3878 2152 3951 ministran-

749 4001 823 4070 tur,
846 3986 914 4058 nisi
936 3985 1149 4081 poenitentia
1170 3996 1208 4056 et
1228 3983 1431 4079 Baptismus
1454 3982 1619 4058 omnihus
1643 3971 1885 4068 indistanter,
1908 3998 1944 4058 et
1964 3983 2152 4060 Eucharis-
2221 4043 2226 4056 ,

747 4095 799 4167 tia
831 4092 987 4166 infirmis
1017 4104 1173 4176 tantum,
1200 4115 1242 4163 ac
1268 4089 1539 4164 matrimonium
1568 4092 1645 4168 sine
1669 4089 1901 4166 emlesiaatiea
1929 4089 2152 4165 solemnitate

747 4199 992 4285 contrahatur,
1020 4201 1058 4278 in
1084 4198 1217 4297 quibus
1241 4213 1281 4272 et
1306 4196 1374 4271 sub
1394 4196 1526 4274 eisdem
1549 4197 1635 4273 locis
1654 4197 1901 4302 decedentibus
1921 4198 2151 4273 amlesiaaticr
2210 4232 2214 4238 ·

748 4307 934 4406 sepultura
959 4308 1166 4408 denegetur.
1776 4387 1780 4392 ,

859 4419 902 4488 ll
958 4417 995 4491 Si
1017 4438 1103 4491 vero
1122 4415 1381 4513 praenominati
1405 4414 1622 4503 denuntiati,
1647 4415 1831 4514 aggravati
1854 4431 1893 4488 et
1913 4417 2150 4512 reaggrarsti,

747 4526 838 4600 inira
860 4523 948 4596 alios
969 4524 1171 4624 quindecim
1197 4523 1272 4598 dies
1292 4522 1407 4598 diotae
1426 4526 1600 4599 terminos
1621 4523 1827 4599 immediato
1853 4539 2049 4623 soquentes,
2070 4547 2165 4618 pro·

747 4632 902 4712 cassibus
923 4629 1124 4732 hujusmodi
1146 4644 1184 4705 et
1206 4630 1382 4704 mandatis
1400 4633 1531 4706 nostris
1547 4633 1760 4729 supradictis
1777 4653 1848 4704 non
1865 4631 2052 4727 paruerint
2068 4654 2166 4710 cum,

747 4741 875 4816 ellectu
898 4741 1005 4842 (quod
1029 4743 1122 4814 Deus
1141 4739 1295 4836 avertat)
1311 4743 1387 4814 ‚Nos
1408 4741 1630 4815 attendentes
1652 4738 1744 4838 quod
1765 4761 1933 4813 mamone
1950 4762 2022 4810 non
2045 4738 2152 4833 proli·

747 4852 862 4922 ciente
882 4847 1114 4922 ecclesiastico
1135 4844 1340 4944 temporalis
1365 4845 1508 4943 gladius
1534 4872 1603 4921 non
1631 4847 1814 4922 immerito
1833 4844 2088 4945 retingantur.
2109 4859 2151 4918 ut

748 4979 837 5056 quos
858 4956 970 5028 timer
992 4956 1058 5031 Dei
1079 4949 1099 5027 a
1119 4953 1213 5048 malo
1230 4978 1302 5027 non
1324 4970 1480 5040 mancat,
1501 4951 1706 5052 temporalis
1725 4952 1853 5032 ultam
1873 4967 2035 5029 ooeroeat
2055 4974 2150 5027 aare

748 5065 837 5137 ritas
856 5061 1078 5160 disciplinam
1103 5062 1216 5137 Hinc
1237 5077 1303 5137 ost.
1315 5062 1409 5162 qrrod
1432 5086 1494 5135 vos
1515 5061 1775 5148 illustrissimos
1791 5064 1978 5159 Princcpes
1992 5076 2031 5135 ct
2049 5063 2149 5134 Dios

748 5177 845 5246 Ddos
866 5168 1037 5246 sustollas
1056 5184 1094 5243 et
1115 5170 1280 5267 lagonis
1301 5191 1341 5243 sc
1364 5169 1587 5268 Portugalise
1607 5185 1645 5246 et
1663 5170 1825 5269 Algsrbii
1845 5174 1971 5266 aegas,
1990 5167 2148 5264 justitiae
2191 5206 2202 5230 ο
