5134 6450
1418 781 1514 900 so

758 966 905 1052 propter
937 948 1030 1050 quod
1063 926 1206 1043 divinus
1238 946 1360 1021 cultus
1393 948 1525 1023 ibidem
1553 947 1803 1047 neglegentur
1829 951 1866 1022 in
1893 972 1965 1024 non
1986 949 2176 1041 modicum

758 1058 971 1157 obprobium
1003 1046 1191 1149 religionis
1223 1052 1444 1129 Christianae
1470 1055 1564 1130 idem
1592 1055 1816 1153 predecessor
1841 1056 1989 1151 provide
2008 1058 2167 1133 conside·
2243 1092 2247 1105 ·

758 1192 853 1252 rans,
874 1160 969 1261 quod
990 1174 1109 1234 certae
1129 1174 1249 1256 partes
1267 1161 1427 1235 Pacensis
1444 1173 1484 1236 et
1496 1160 1670 1235 'ludensis
1687 1163 1866 1238 Diosoesis
1882 1161 1977 1235 inira
1995 1166 2167 1261 Portuga·

758 1274 826 1346 lias
846 1283 885 1343 et
904 1265 1071 1364 Algarbii
1099 1267 1308 1361 Regnorum
1332 1266 1467 1341 limites
1485 1268 1717 1342 consistentes
1742 1291 1807 1363 per
1832 1267 1997 1363 speciales
2018 1269 2054 1340 in
2076 1284 2168 1348 tem·

756 1373 940 1473 poralibus
959 1388 999 1447 et
1017 1371 1264 1470 spiritualibus
1280 1396 1345 1468 per
1358 1372 1492 1447 dictam
1504 1373 1623 1447 sedem
1641 1371 1832 1469 deputatos
1847 1372 2170 1449 Administratores

757 1480 1026 1578 Portugalenses
1052 1501 1095 1552 ex
1119 1478 1348 1573 dispositione
1375 1479 1486 1574 ipsius
1511 1478 1605 1552 sedis
1625 1502 1647 1551 a
1667 1477 1824 1553 nonullis
1844 1481 2012 1554 sommis
2031 1494 2175 1577 tempos

756 1588 857 1661 ribus
878 1601 976 1661 recte
996 1599 1034 1660 et
1055 1583 1277 1680 gubernatae
1288 1582 1437 1659 fucrant
1448 1597 1623 1684 tarneque
1640 1583 1858 1682 regebantur
1873 1578 2172 1682 etgubernsbs‘m

619 1726 622 1730 ’
756 1711 821 1767 tur
842 1717 884 1766 ac
903 1690 997 1791 qrsod
1020 1689 1088 1764 sub
1109 1712 1260 1763 suorum
1283 1693 1537 1787 Episcoporum
1566 1691 1802 1789 regiminibus
1821 1689 2068 1767 verisimiliter
2088 1716 2172 1791 per·
2238 1696 2239 1699 ’

756 1801 879 1873 venire
900 1822 972 1871 non
992 1795 1163 1871 deberent
1182 1797 1279 1894 quod
1304 1820 1374 1896 que
1396 1799 1613 1893 Episcopus,
1643 1799 1821 1884 mamni,
1843 1810 1881 1870 et
1901 1820 2066 1893 personae
2088 1790 2188 1895 pre?

756 1901 846 1977 dicti
867 1903 1050 1977 decentius
1070 1905 1191 1976 vivere
1211 1918 1250 1976 et
1270 1903 1492 1976 commodius
1513 1904 1634 1978 eadem
1656 1926 1761 1977 onera
1779 1917 1991 1998 supportare
2011 1919 2169 1999 possent,

754 2014 787 2083 si
807 2011 922 2082 dictae
945 2022 1063 2105 partes
1082 2007 1129 2080 ab
1149 2008 1235 2104 ipsis
1254 2008 1465 2082 Pacensibus
1495 2024 1533 2084 et
1553 2008 1777 2083 Tudensibus
1803 2007 1959 2084 ecelesiis
1979 2002 2021 2081 in‘
2036 2013 2171 2106 Regnis
2304 2014 2310 2033 “

757 2114 928 2189 Castaliae
945 2110 987 2188 ¹et
1008 2113 1172 2210 legionis
1191 2117 1419 2201 constitutae,
1440 2111 1702 2190 dimembratae
1729 2114 1888 2210 prefatae
1913 2112 2077 2189 metens
2102 2117 2171 2188 Ce-
2272 2147 2277 2160 ·

756 2222 889 2318 ptensis
910 2244 995 2293 cum
1021 2218 1185 2292 omnibus
1212 2219 1357 2318 juribus
1382 2235 1420 2295 et
1443 2220 1678 2317 pertinentiis
1705 2222 1781 2294 suis
1804 2220 1848 2294 ad
1872 2220 1985 2295 dietss
2006 2223 2174 2295 Paoenses

756 2342 795 2399 et
814 2326 992 2400 Tudenses
1013 2326 1177 2400 ecclesias
1199 2325 1465 2424 pertinentibus
1493 2327 1609 2403 eidem
1636 2327 1801 2422 Coptensi
1831 2325 2006 2403 &leriae
2039 2328 2174 2422 iopen

597 2469 603 2476 ·
755 2448 908 2528 petuum
936 2432 1247 2530 incorporarentur
1273 2446 1547 2505 annecterentur
1574 2446 1612 2505 et
1635 2434 1827 2517 unirentur
1847 2454 1890 2506 so
1911 2431 2033 2506 rolens
2050 2452 2176 2517 netes-i

756 2536 923 2611 sitatibus
939 2551 983 2610 et
1004 2537 1213 2631 indigentiis
1235 2536 1401 2632 Episcopi
1421 2533 1579 2632 Capituli
1595 2538 1859 2611 Quonicorusn
1879 2550 1919 2609 et
1936 2558 2177 2632 personsrum.

756 2644 999 2739 predictorum
1022 2664 1157 2714 necnon
1182 2639 1301 2714 salute
1326 2641 1531 2713 animorum
1558 2639 1728 2725 illorum.
1762 2644 1827 2740 qui
1849 2643 1962 2740 ipmsu
1984 2644 2176 2717 civitatem
2276 2726 2281 2733 ⁴

757 2751 966 2844 Ceptensem
987 2745 1188 2820 inhabitant
1210 2745 1394 2820 consulere
1413 2748 1590 2819 auctorita
1611 2745 1801 2843 apostolica
1822 2772 1867 2823 ex
1885 2762 1985 2822 oens
2006 2750 2176 2832 scendo..

755 2869 792 2927 et
813 2855 858 2928 de
879 2852 1088 2949 apostolicae
1109 2853 1297 2949 potestatis
1317 2850 1542 2948 plenitudine
1563 2867 1684 2947 portes
1704 2853 1859 2948 prelatos
1881 2856 1917 2925 in
1938 2858 2065 2950 Regno
2083 2857 2169 2928 Por-
2237 2856 2242 2864 “

754 2959 914 3056 tugalioc
941 2960 1132 3033 existentes
1158 2980 1312 3057 quarum
1341 2956 1480 3030 fructos
1506 2958 1684 3032 reddituro
1704 2973 1742 3034 st
1762 2972 1956 3055 prorerrtm
1978 2963 2169 3057 Septsgin·

754 3083 877 3138 tarum
900 3063 1073 3137 librarum
1095 3065 1309 3137 Turonensis
1330 3086 1520 3158 parvorum
1544 3065 1739 3139 semndum
1758 3088 1948 3139 commus
1962 3068 2173 3142 eumana-
2325 3126 2328 3132 s

755 3195 840 3244 nem
862 3169 1019 3244 valorem
1041 3191 1199 3244 sonuum
1222 3184 1266 3243 ot
1288 3170 1382 3244 idem
1406 3169 1630 3267 predecessor
1651 3173 1760 3245 eiam
1778 3185 1961 3270 soocpomt
1978 3190 2053 3248 non
2066 3194 2169 3248 exce·

756 3276 888 3350 debant
907 3282 993 3349 cuni
1014 3274 1182 3348 omnibus
1197 3276 1341 3373 juribus
1366 3290 1405 3350 et
1425 3277 1655 3372 pertinent'n's
1679 3276 1891 3375 supradictis
1917 3301 1936 3351 a
1959 3280 2102 3356 Pacensi
2128 3294 2177 3353 et,

757 3381 911 3454 Tudensi
932 3380 1089 3455 ecclesiis
1109 3381 1254 3477 prelatis
1275 3381 1532 3456 dimembravit
1550 3386 1754 3481 segregarit
1778 3398 1818 3458 et
1845 3387 2027 3480 scpamvit
2040 3405 2177 3483 easque

468 3539 478 3550 ,
596 3557 605 3573 ,
755 3510 821 3582 pro
842 3487 974 3561 diocesi
996 3511 1037 3560 ae
1058 3488 1216 3583 ipsumam
1239 3488 1381 3561 fructus
1401 3488 1563 3564 redditus
1583 3505 1622 3563 ct
1642 3503 1838 3586 proventus
1858 3514 1924 3585 pro
1944 3491 2030 3565 dote
2051 3490 2177 3566 eidem·

754 3594 920 3687 Coptensi
942 3591 1117 3672 Ecclesiae
1137 3593 1323 3688 deputavit
1344 3607 1382 3668 et
1401 3596 1594 3692 assignavit
1614 3596 1765 3694 ltsquod
1787 3595 1996 3674 cedentibus
2023 3595 2081 3669 vel
2109 3596 2175 3669 dez

620 3697 625 3710 '
755 3698 962 3784 cedentibus
982 3712 1071 3771 tunc
1091 3699 1326 3773 existentibus
1346 3700 1526 3773 dictarum
1549 3704 1706 3796 portium
1728 3700 2079 3794 administratoribus
2093 3704 2174 3774 siue

755 3819 875 3899 partes
897 3802 975 3877 illas
996 3804 1262 3902 quomodolibet
1287 3804 1375 3878 alias
1399 3804 1667 3880 dimittentibus
1692 3807 1801 3881 simul
1826 3808 1887 3881 -vel
1909 3807 2103 3880 socomsive
2125 3806 2175 3878 li·.

755 3924 854 4008 reret
874 3909 1044 4007 Episcopo
1070 3911 1210 4007 prelato
1236 3932 1302 4004 per
1323 3931 1361 3983 se
1383 3910 1440 3982 rel
1461 3911 1573 3983 sliam
1595 3933 1657 3983 seu
1677 3911 1768 3982 alios
1787 3909 2010 4005 uorpmslem
2032 3933 2177 4007 posses*

635 4036 637 4040 ’
750 4018 889 4089 sionem
923 4018 1083 4111 partium
1115 4029 1154 4088 et
1187 4014 1331 4088 illarum
1361 4016 1501 4112 jurium
1527 4030 1566 4090 ct
1592 4014 1892 4110 pertinentiarum
1922 4015 2177 4110 predictorum

755 4123 941 4194 actoritate
967 4123 1111 4219 propria
1138 4119 1250 4195 libere
1277 4119 1542 4218 apprehendere
1578 4123 1740 4220 ipsasque
1770 4134 1890 4216 partes
1910 4123 1948 4194 in
1970 4121 2170 4217 spirituali·

756 4227 824 4297 bus
845 4241 883 4298 et
902 4224 1159 4321 temporalibus
1176 4247 1302 4323 regere
1320 4241 1358 4303 et
1372 4226 1634 4323 gubernareac
1645 4225 1701 4299 ab
1721 4226 1774 4300 eis
1792 4225 1932 4302 fructus
1950 4225 2176 4302 redditus-et
2196 4281 2202 4289 ·
2241 4308 2248 4314 ,

756 4345 949 4427 proventus
969 4332 1153 4427 percipere
1175 4348 1216 4405 et
1241 4332 1359 4406 leuare
1380 4356 1421 4405 ae
1444 4334 1478 4404 in
1498 4353 1582 4406 vstsos
1601 4346 1640 4407 et
1659 4332 1777 4405 dictae
1795 4331 1963 4408 aeclusise
1983 4334 2174 4428 &pendo

675 4493 680 4499 ,
755 4463 842 4509 usus
859 4438 961 4534 juxta
984 4438 1129 4510 modom
1152 4451 1191 4512 et
1212 4438 1326 4510 lornra
1352 4437 1569 4534 subscriptos
1594 4451 1804 4513 musonem
1829 4452 1868 4512 et
1887 4440 2175 4535 perpenso-retis

754 4565 839 4617 nere
866 4544 1027 4616 Pacensis
1050 4557 1089 4615 et
1115 4543 1290 4618 ‘l'udensis
1321 4546 1578 4642 Episcoporum
1605 4565 1647 4618 uc
1672 4543 2001 4641 oujstsvis-olttrius
2023 4543 2175 4617 licentia

606 4659 611 4672 '
754 4666 819 4722 aut
850 4672 1019 4723 conserrsu
1053 4666 1160 4743 super
1187 4647 1431 4746 boclmininre
1456 4651 1651 4748 requisitus
1673 4662 1836 4730 statuens
1858 4650 1967 4730 ethio
1989 4663 2028 4725 et
2046 4650 2167 4732 deuer-

756 4779 844 4829 nens
866 4778 910 4828 ex
930 4770 1024 4831 tuuc,
1040 4756 1180 4828 inantea
1201 4757 1385 4851 perpetuis
1407 4757 1541 4829 tuturis
1561 4752 1783 4851 temporibus
1803 4754 1919 4828 dictas
1938 4769 2061 4850 pssms
2079 4779 2176 4828 oum»

755 4858 903 4955 prefatis
923 4861 997 4934 suis
1013 4856 1158 4957 juribus
1179 4874 1216 4933 et
1238 4862 1463 4957 pertinentiis
1483 4863 1559 4934 stris
1580 4863 1674 4934 sicut
1695 4860 1740 4934 sd
1759 4865 1950 4936 Panemo
1964 4876 2006 4937 et
2021 4860 2163 4936 Todou-
2278 4880 2283 4891 ·

754 4987 830 5038 sem
862 4969 1113 5061 pertinuerant
1144 4965 1188 5037 od
1220 4965 1410 5063 ceptam
1433 4965 1613 5041 uolens
1630 4965 1807 5062 predim
1829 4966 2037 5066 plenojuss
2057 4968 2175 5062 pem..-

755 5093 840 5145 nere
866 5082 904 5144 et
930 5072 969 5143 in
997 5074 1069 5166 ipsa
1093 5073 1259 5166 'Geptensi
1294 5072 1448 5150 Emissis
1482 5093 1548 5169 pro
1574 5075 1695 5158 tttssis
1721 5088 1759 5150 ot
1778 5072 1865 5148 aliis
1886 5074 2021 5148 divinis
2040 5067 2174 5145 officiis
