5134 6450
1071 808 1157 931 bb

414 1009 504 1059 novo
526 985 706 1067 unionem,
727 982 956 1057 annexionem
977 993 1015 1054 et
1038 983 1356 1077 incorporationem
1378 981 1581 1082 hujusmodi
1602 982 1681 1059 fieri
1701 982 1814 1056 conti·

413 1094 511 1189 gerit
530 1091 650 1165 omnia
671 1107 710 1166 et
729 1089 871 1187 singula
894 1112 958 1187 per
981 1088 1159 1184 prefatum
1187 1089 1465 1186 predecessorem
1493 1104 1655 1164 nostrum
1676 1091 1714 1163 in
1735 1112 1814 1187 pre·

414 1201 500 1273 fatis
527 1199 657 1274 litteris
682 1213 817 1273 statuta
844 1210 881 1272 ct
901 1196 1065 1270 ‘ordinata
1096 1195 1252 1271 firmiter
1283 1196 1514 1273 observentur
1539 1199 1605 1272 sub
1630 1197 1732 1296 penis
1752 1218 1816 1294 per
1843 1214 1845 1219 '

414 1330 499 1381 eum
520 1311 615 1381 circs
635 1330 676 1381 ea
696 1306 852 1404 adjectis.
874 1310 951 1379 Non
972 1303 1195 1378 obstantibus
1215 1308 1437 1381 revocatione
1456 1308 1661 1391 cassatione,
1679 1317 1716 1378 et
1733 1306 1817 1378 irri-

415 1416 551 1489 tatione
570 1415 739 1511 predictis
758 1436 893 1487 necnon
912 1411 1079 1486 omuibus
1100 1437 1191 1512 quae
1211 1413 1435 1509 predecessor
1456 1414 1636 1513 predictus
1654 1414 1693 1485 in
1711 1412 1817 1486 dictis

413 1521 548 1615 titteris
574 1549 646 1603 non
672 1521 811 1595 obstare
836 1519 951 1593 voluit
972 1522 1170 1620 ceterisque
1201 1523 1390 1595 contrariis
1421 1515 1722 1622 quibuscumque
1745 1524 1817 1594 Nos

417 1633 562 1727 insuper
582 1632 612 1703 si
635 1630 912 1713 restitutionem,
939 1630 1123 1716 unionem,
1150 1631 1417 1704 annexationem
1438 1645 1478 1704 et
1499 1630 1818 1728 incorporationem

418 1736 623 1835 hujusmodi
643 1737 798 1813 denoto
820 1760 885 1834 per
905 1751 943 1811 te
963 1736 1043 1810 fieri
1063 1738 1257 1833 contigerit
1283 1752 1326 1808 ut
1354 1737 1533 1834 prefertur
1557 1763 1601 1812 ex
1620 1762 1717 1811 nunc
1737 1736 1819 1808 irri-

420 1859 500 1917 tum
520 1846 741 1920 decernimus
766 1859 805 1918 et
831 1846 933 1918 inane
958 1845 987 1916 si
1015 1868 1247 1942 secussuper
1271 1844 1381 1918 biisa
1404 1870 1585 1945 quoquam
1606 1845 1731 1944 quavis
1758 1867 1820 1916 au·

421 1956 589 2028 ctoritate
616 1955 768 2028 scienter
791 1952 848 2027 rel
869 1954 1076 2049 ignoranter
1113 1953 1308 2051 contigerit
1344 1957 1563 2051 attemptari.
1591 1958 1727 2028 Datum
1750 1953 1821 2025 Ro·

423 2082 501 2133 mae
526 2075 613 2157 aput
639 2076 800 2134 sanctum
828 2064 975 2137 Petrum
1001 2064 1107 2136 Anno
1133 2061 1386 2136 lncamationis
1411 2062 1606 2137 dominicae
1632 2060 1821 2136 Millesimo

422 2166 745 2267 quadrigentesimo
766 2169 1057 2268 quinquagesimo
1078 2169 1229 2243 seeundo
1248 2171 1375 2269 quinto
1396 2169 1569 2245 Kalendas
1591 2167 1680 2244 tulii
1700 2165 1821 2245 Ponti·

422 2275 548 2348 ficatus
568 2278 681 2351 nostri
702 2300 794 2349 anno
814 2280 1101 2393 sexto-Locus
1122 2276 1231 2375 sigilli
1243 2277 1438 2386 pendentis
1466 2277 1478 2374 (
1504 2279 1528 2377 i.

533 5212 574 5290 (1)
596 5214 719 5275 archivo
736 5213 883 5286 National,
900 5213 981 5285 loro
992 5213 1013 5275 8
1024 5219 1058 5278 dt
1074 5213 1184 5288 Mur,
1203 5215 1249 5277 rs·
1266 5216 1315 5277 11.
